[{"date":"1433800808","price":1415.01,"amount":0.01,"tid":"34499310","type":"sell"},{"date":"1433800812","price":1415.02,"amount":0.003,"tid":"34499311","type":"sell"},{"date":"1433800812","price":1415.01,"amount":0.003,"tid":"34499312","type":"sell"},{"date":"1433800812","price":1415,"amount":0.004,"tid":"34499313","type":"sell"},{"date":"1433800818","price":1415.02,"amount":0.003,"tid":"34499314","type":"sell"},{"date":"1433800818","price":1415,"amount":0.007,"tid":"34499315","type":"sell"},{"date":"1433800823","price":1415.02,"amount":0.003,"tid":"34499316","type":"sell"},{"date":"1433800823","price":1415.02,"amount":0.003,"tid":"34499317","type":"sell"},{"date":"1433800823","price":1415,"amount":0.004,"tid":"34499318","type":"sell"},{"date":"1433800823","price":1415,"amount":0.01,"tid":"34499319","type":"sell"},{"date":"1433800828","price":1415.02,"amount":0.003,"tid":"34499320","type":"sell"},{"date":"1433800828","price":1415,"amount":0.007,"tid":"34499321","type":"sell"},{"date":"1433800833","price":1415.02,"amount":0.003,"tid":"34499322","type":"sell"},{"date":"1433800833","price":1415.02,"amount":0.003,"tid":"34499323","type":"sell"},{"date":"1433800833","price":1415,"amount":0.004,"tid":"34499324","type":"sell"},{"date":"1433800838","price":1415.01,"amount":0.003,"tid":"34499325","type":"sell"},{"date":"1433800838","price":1415,"amount":0.007,"tid":"34499326","type":"sell"},{"date":"1433800843","price":1415.01,"amount":0.003,"tid":"34499327","type":"sell"},{"date":"1433800843","price":1415.01,"amount":0.003,"tid":"34499328","type":"sell"},{"date":"1433800843","price":1415,"amount":0.004,"tid":"34499329","type":"sell"},{"date":"1433800844","price":1415,"amount":0.01,"tid":"34499330","type":"sell"},{"date":"1433800849","price":1415.01,"amount":0.003,"tid":"34499331","type":"sell"},{"date":"1433800849","price":1415.01,"amount":0.003,"tid":"34499332","type":"sell"},{"date":"1433800849","price":1415,"amount":0.004,"tid":"34499333","type":"sell"},{"date":"1433800853","price":1415,"amount":0.01,"tid":"34499334","type":"sell"},{"date":"1433800855","price":1415,"amount":0.2,"tid":"34499335","type":"sell"},{"date":"1433800858","price":1415,"amount":0.01,"tid":"34499336","type":"sell"},{"date":"1433800859","price":1415,"amount":0.2,"tid":"34499337","type":"sell"},{"date":"1433800863","price":1415,"amount":0.09,"tid":"34499338","type":"sell"},{"date":"1433800863","price":1415,"amount":0.2,"tid":"34499339","type":"sell"},{"date":"1433800864","price":1415,"amount":0.01,"tid":"34499340","type":"sell"},{"date":"1433800867","price":1415,"amount":0.2,"tid":"34499341","type":"sell"},{"date":"1433800869","price":1415,"amount":0.01,"tid":"34499342","type":"sell"},{"date":"1433800871","price":1415,"amount":0.2,"tid":"34499343","type":"sell"},{"date":"1433800874","price":1415,"amount":0.01,"tid":"34499344","type":"sell"},{"date":"1433800877","price":1415,"amount":0.2,"tid":"34499345","type":"sell"},{"date":"1433800879","price":1415,"amount":0.01,"tid":"34499346","type":"sell"},{"date":"1433800879","price":1415,"amount":0.2,"tid":"34499347","type":"sell"},{"date":"1433800885","price":1415,"amount":0.01,"tid":"34499348","type":"sell"},{"date":"1433800885","price":1415,"amount":0.02,"tid":"34499349","type":"sell"},{"date":"1433800890","price":1415,"amount":0.01,"tid":"34499350","type":"sell"},{"date":"1433800895","price":1415,"amount":0.14,"tid":"34499351","type":"sell"},{"date":"1433800895","price":1415,"amount":0.01,"tid":"34499352","type":"sell"},{"date":"1433800895","price":1415,"amount":0.469,"tid":"34499353","type":"sell"},{"date":"1433800895","price":1415,"amount":0.469,"tid":"34499354","type":"sell"},{"date":"1433800900","price":1415,"amount":0.01,"tid":"34499355","type":"sell"},{"date":"1433800903","price":1415,"amount":0.08,"tid":"34499356","type":"sell"},{"date":"1433800904","price":1415,"amount":0.01,"tid":"34499357","type":"sell"},{"date":"1433800908","price":1415,"amount":0.677,"tid":"34499358","type":"sell"},{"date":"1433800909","price":1415,"amount":0.01,"tid":"34499359","type":"sell"},{"date":"1433800913","price":1415,"amount":0.04,"tid":"34499360","type":"sell"},{"date":"1433800914","price":1415,"amount":0.01,"tid":"34499361","type":"sell"},{"date":"1433800919","price":1415,"amount":0.2,"tid":"34499362","type":"sell"},{"date":"1433800919","price":1415,"amount":0.01,"tid":"34499363","type":"sell"},{"date":"1433800919","price":1415,"amount":0.628,"tid":"34499364","type":"sell"},{"date":"1433800921","price":1415,"amount":0.976,"tid":"34499365","type":"sell"},{"date":"1433800922","price":1415,"amount":1.286,"tid":"34499366","type":"sell"},{"date":"1433800923","price":1415,"amount":0.2,"tid":"34499367","type":"sell"},{"date":"1433800924","price":1415,"amount":0.01,"tid":"34499368","type":"sell"},{"date":"1433800925","price":1415,"amount":0.16,"tid":"34499369","type":"sell"},{"date":"1433800925","price":1415,"amount":0.16,"tid":"34499370","type":"sell"},{"date":"1433800927","price":1415,"amount":0.2,"tid":"34499371","type":"sell"},{"date":"1433800928","price":1415,"amount":0.333,"tid":"34499372","type":"sell"},{"date":"1433800930","price":1415,"amount":0.321,"tid":"34499373","type":"sell"},{"date":"1433800930","price":1415,"amount":0.01,"tid":"34499374","type":"sell"},{"date":"1433800931","price":1415,"amount":0.311,"tid":"34499375","type":"sell"},{"date":"1433800931","price":1415,"amount":0.2,"tid":"34499376","type":"sell"},{"date":"1433800933","price":1415,"amount":0.04,"tid":"34499377","type":"sell"},{"date":"1433800935","price":1415,"amount":0.01,"tid":"34499378","type":"sell"},{"date":"1433800935","price":1415,"amount":0.2,"tid":"34499379","type":"sell"},{"date":"1433800939","price":1415,"amount":0.2,"tid":"34499380","type":"sell"},{"date":"1433800939","price":1415,"amount":0.01,"tid":"34499381","type":"sell"},{"date":"1433800943","price":1415,"amount":0.2,"tid":"34499382","type":"sell"},{"date":"1433800945","price":1415,"amount":0.01,"tid":"34499383","type":"sell"},{"date":"1433800946","price":1415,"amount":0.1,"tid":"34499384","type":"sell"},{"date":"1433800946","price":1415,"amount":0.1,"tid":"34499385","type":"sell"},{"date":"1433800947","price":1415,"amount":0.2,"tid":"34499386","type":"sell"},{"date":"1433800950","price":1415,"amount":0.01,"tid":"34499387","type":"sell"},{"date":"1433800951","price":1415,"amount":0.2,"tid":"34499388","type":"sell"},{"date":"1433800953","price":1415,"amount":0.53,"tid":"34499389","type":"sell"},{"date":"1433800955","price":1415,"amount":0.2,"tid":"34499390","type":"sell"},{"date":"1433800955","price":1415,"amount":0.01,"tid":"34499391","type":"sell"},{"date":"1433800959","price":1415,"amount":0.17,"tid":"34499392","type":"sell"},{"date":"1433800960","price":1415,"amount":0.01,"tid":"34499393","type":"sell"},{"date":"1433800963","price":1415,"amount":0.13,"tid":"34499394","type":"sell"},{"date":"1433800965","price":1415,"amount":0.01,"tid":"34499395","type":"sell"},{"date":"1433800968","price":1415,"amount":0.11,"tid":"34499396","type":"sell"},{"date":"1433800971","price":1415,"amount":0.01,"tid":"34499397","type":"sell"},{"date":"1433800971","price":1415,"amount":0.08,"tid":"34499398","type":"sell"},{"date":"1433800973","price":1415,"amount":0.2913,"tid":"34499399","type":"sell"},{"date":"1433800973","price":1415,"amount":0.001,"tid":"34499400","type":"sell"},{"date":"1433800973","price":1414.99,"amount":0.001,"tid":"34499401","type":"sell"},{"date":"1433800973","price":1414.99,"amount":0.001,"tid":"34499402","type":"sell"},{"date":"1433800973","price":1414.98,"amount":0.001,"tid":"34499403","type":"sell"},{"date":"1433800973","price":1414.98,"amount":0.013,"tid":"34499404","type":"sell"},{"date":"1433800973","price":1414.95,"amount":0.013,"tid":"34499405","type":"sell"},{"date":"1433800973","price":1414.94,"amount":0.0022,"tid":"34499406","type":"sell"},{"date":"1433800973","price":1414.92,"amount":0.001,"tid":"34499407","type":"sell"},{"date":"1433800973","price":1414.92,"amount":0.001,"tid":"34499408","type":"sell"},{"date":"1433800973","price":1414.92,"amount":0.001,"tid":"34499409","type":"sell"},{"date":"1433800973","price":1414.92,"amount":0.013,"tid":"34499410","type":"sell"},{"date":"1433800973","price":1414.89,"amount":0.001,"tid":"34499411","type":"sell"},{"date":"1433800973","price":1414.89,"amount":0.013,"tid":"34499412","type":"sell"},{"date":"1433800975","price":1414.87,"amount":9.645,"tid":"34499413","type":"sell"},{"date":"1433800977","price":1414.86,"amount":0.01,"tid":"34499414","type":"sell"},{"date":"1433800981","price":1414.86,"amount":0.003,"tid":"34499415","type":"sell"},{"date":"1433800981","price":1414.83,"amount":0.007,"tid":"34499416","type":"sell"},{"date":"1433800986","price":1414.83,"amount":0.006,"tid":"34499417","type":"sell"},{"date":"1433800986","price":1414.8,"amount":0.004,"tid":"34499418","type":"sell"},{"date":"1433800991","price":1414.8,"amount":0.009,"tid":"34499419","type":"sell"},{"date":"1433800991","price":1414.77,"amount":0.001,"tid":"34499420","type":"sell"},{"date":"1433800997","price":1414.82,"amount":0.003,"tid":"34499421","type":"sell"},{"date":"1433800997","price":1414.8,"amount":0.002,"tid":"34499422","type":"sell"},{"date":"1433800997","price":1414.77,"amount":0.005,"tid":"34499423","type":"sell"},{"date":"1433801001","price":1414.79,"amount":0.003,"tid":"34499424","type":"sell"},{"date":"1433801001","price":1414.77,"amount":0.007,"tid":"34499425","type":"sell"},{"date":"1433801006","price":1414.77,"amount":0.001,"tid":"34499426","type":"sell"},{"date":"1433801006","price":1414.77,"amount":0.002,"tid":"34499427","type":"sell"},{"date":"1433801006","price":1414.76,"amount":0.003,"tid":"34499428","type":"sell"},{"date":"1433801006","price":1414.74,"amount":0.004,"tid":"34499429","type":"sell"},{"date":"1433801011","price":1414.78,"amount":0.003,"tid":"34499430","type":"sell"},{"date":"1433801011","price":1414.78,"amount":0.003,"tid":"34499431","type":"sell"},{"date":"1433801011","price":1414.74,"amount":0.004,"tid":"34499432","type":"sell"},{"date":"1433801012","price":1414.78,"amount":17.03,"tid":"34499433","type":"sell"},{"date":"1433801016","price":1414.78,"amount":0.003,"tid":"34499434","type":"sell"},{"date":"1433801016","price":1414.74,"amount":0.002,"tid":"34499435","type":"sell"},{"date":"1433801016","price":1414.74,"amount":0.002,"tid":"34499436","type":"sell"},{"date":"1433801016","price":1414.74,"amount":0.003,"tid":"34499437","type":"sell"},{"date":"1433801021","price":1414.78,"amount":0.003,"tid":"34499438","type":"sell"},{"date":"1433801021","price":1414.78,"amount":0.003,"tid":"34499439","type":"sell"},{"date":"1433801021","price":1414.74,"amount":0.004,"tid":"34499440","type":"sell"},{"date":"1433801026","price":1414.78,"amount":0.003,"tid":"34499441","type":"sell"},{"date":"1433801026","price":1414.74,"amount":0.006,"tid":"34499442","type":"sell"},{"date":"1433801026","price":1414.71,"amount":0.001,"tid":"34499443","type":"sell"},{"date":"1433801027","price":1414.78,"amount":0.003,"tid":"34499444","type":"sell"},{"date":"1433801030","price":1414.77,"amount":0.003,"tid":"34499445","type":"buy"},{"date":"1433801058","price":1414.73,"amount":0.003,"tid":"34499446","type":"sell"},{"date":"1433801067","price":1414.71,"amount":0.01,"tid":"34499447","type":"sell"},{"date":"1433801071","price":1414.71,"amount":0.003,"tid":"34499448","type":"sell"},{"date":"1433801071","price":1414.71,"amount":0.002,"tid":"34499449","type":"sell"},{"date":"1433801071","price":1414.71,"amount":0.003,"tid":"34499450","type":"sell"},{"date":"1433801071","price":1414.71,"amount":0.003,"tid":"34499451","type":"sell"},{"date":"1433801071","price":1414.71,"amount":0.0083,"tid":"34499452","type":"buy"},{"date":"1433801071","price":1414.72,"amount":0.0017,"tid":"34499453","type":"buy"},{"date":"1433801072","price":1414.72,"amount":0.0013,"tid":"34499454","type":"buy"},{"date":"1433801072","price":1414.72,"amount":0.003,"tid":"34499455","type":"buy"},{"date":"1433801072","price":1414.74,"amount":0.003,"tid":"34499456","type":"buy"},{"date":"1433801072","price":1414.75,"amount":0.002,"tid":"34499457","type":"buy"},{"date":"1433801072","price":1414.77,"amount":0.0007,"tid":"34499458","type":"buy"},{"date":"1433801074","price":1414.74,"amount":0.013,"tid":"34499459","type":"buy"},{"date":"1433801076","price":1414.74,"amount":0.003,"tid":"34499460","type":"sell"},{"date":"1433801077","price":1414.75,"amount":0.002,"tid":"34499461","type":"buy"},{"date":"1433801077","price":1414.77,"amount":0.0063,"tid":"34499462","type":"buy"},{"date":"1433801077","price":1414.77,"amount":0.002,"tid":"34499463","type":"buy"},{"date":"1433801077","price":1414.79,"amount":0.003,"tid":"34499464","type":"buy"},{"date":"1433801077","price":1414.79,"amount":0.003,"tid":"34499465","type":"buy"},{"date":"1433801077","price":1414.79,"amount":0.003,"tid":"34499466","type":"buy"},{"date":"1433801077","price":1414.79,"amount":0.003,"tid":"34499467","type":"buy"},{"date":"1433801077","price":1414.79,"amount":0.003,"tid":"34499468","type":"buy"},{"date":"1433801077","price":1414.79,"amount":0.003,"tid":"34499469","type":"buy"},{"date":"1433801077","price":1414.79,"amount":0.003,"tid":"34499470","type":"buy"},{"date":"1433801077","price":1414.79,"amount":0.003,"tid":"34499471","type":"buy"},{"date":"1433801077","price":1414.8,"amount":0.003,"tid":"34499472","type":"buy"},{"date":"1433801077","price":1414.8,"amount":0.013,"tid":"34499473","type":"buy"},{"date":"1433801077","price":1414.81,"amount":0.001,"tid":"34499474","type":"buy"},{"date":"1433801077","price":1414.83,"amount":0.013,"tid":"34499475","type":"buy"},{"date":"1433801077","price":1414.83,"amount":0.003,"tid":"34499476","type":"buy"},{"date":"1433801077","price":1414.83,"amount":0.002,"tid":"34499477","type":"buy"},{"date":"1433801077","price":1414.86,"amount":0.013,"tid":"34499478","type":"buy"},{"date":"1433801077","price":1414.86,"amount":0.002,"tid":"34499479","type":"buy"},{"date":"1433801077","price":1414.88,"amount":0.014,"tid":"34499480","type":"buy"},{"date":"1433801077","price":1414.89,"amount":0.2065,"tid":"34499481","type":"buy"},{"date":"1433801077","price":1414.89,"amount":0.06,"tid":"34499482","type":"buy"},{"date":"1433801077","price":1414.89,"amount":0.0122,"tid":"34499483","type":"buy"},{"date":"1433801079","price":1414.75,"amount":0.002,"tid":"34499484","type":"buy"},{"date":"1433801079","price":1414.89,"amount":0.0008,"tid":"34499485","type":"buy"},{"date":"1433801079","price":1414.9,"amount":0.001,"tid":"34499486","type":"buy"},{"date":"1433801080","price":1414.9,"amount":0.014,"tid":"34499487","type":"sell"},{"date":"1433801082","price":1414.9,"amount":0.003,"tid":"34499488","type":"sell"},{"date":"1433801085","price":1414.86,"amount":0.002,"tid":"34499489","type":"sell"},{"date":"1433801085","price":1414.92,"amount":0.013,"tid":"34499490","type":"buy"},{"date":"1433801085","price":1414.93,"amount":0.0112,"tid":"34499491","type":"buy"},{"date":"1433801085","price":1414.93,"amount":0.0358,"tid":"34499492","type":"buy"},{"date":"1433801087","price":1414.89,"amount":0.001,"tid":"34499493","type":"sell"},{"date":"1433801093","price":1414.91,"amount":0.003,"tid":"34499494","type":"buy"},{"date":"1433801093","price":1414.92,"amount":0.001,"tid":"34499495","type":"buy"},{"date":"1433801093","price":1414.93,"amount":0.0753,"tid":"34499496","type":"buy"},{"date":"1433801093","price":1414.94,"amount":1.4207,"tid":"34499497","type":"buy"},{"date":"1433801104","price":1414.9,"amount":0.003,"tid":"34499498","type":"sell"},{"date":"1433801104","price":1414.89,"amount":0.007,"tid":"34499499","type":"sell"},{"date":"1433801109","price":1414.91,"amount":0.003,"tid":"34499500","type":"sell"},{"date":"1433801109","price":1414.89,"amount":0.005,"tid":"34499501","type":"sell"},{"date":"1433801109","price":1414.89,"amount":0.002,"tid":"34499502","type":"sell"},{"date":"1433801114","price":1414.88,"amount":0.002,"tid":"34499503","type":"sell"},{"date":"1433801114","price":1414.86,"amount":0.008,"tid":"34499504","type":"sell"},{"date":"1433801119","price":1414.86,"amount":0.003,"tid":"34499505","type":"sell"},{"date":"1433801119","price":1414.86,"amount":0.001,"tid":"34499506","type":"sell"},{"date":"1433801119","price":1414.85,"amount":0.001,"tid":"34499507","type":"sell"},{"date":"1433801119","price":1414.83,"amount":0.005,"tid":"34499508","type":"sell"},{"date":"1433801124","price":1414.83,"amount":0.008,"tid":"34499509","type":"sell"},{"date":"1433801124","price":1414.82,"amount":0.001,"tid":"34499510","type":"sell"},{"date":"1433801124","price":1414.81,"amount":0.001,"tid":"34499511","type":"sell"},{"date":"1433801129","price":1414.8,"amount":0.01,"tid":"34499512","type":"sell"},{"date":"1433801134","price":1414.8,"amount":0.003,"tid":"34499513","type":"sell"},{"date":"1433801134","price":1414.79,"amount":0.003,"tid":"34499514","type":"sell"},{"date":"1433801134","price":1414.77,"amount":0.004,"tid":"34499515","type":"sell"},{"date":"1433801139","price":1414.77,"amount":0.009,"tid":"34499516","type":"sell"},{"date":"1433801139","price":1414.77,"amount":0.001,"tid":"34499517","type":"sell"},{"date":"1433801144","price":1414.77,"amount":0.001,"tid":"34499518","type":"sell"},{"date":"1433801144","price":1414.77,"amount":0.001,"tid":"34499519","type":"sell"},{"date":"1433801144","price":1414.76,"amount":0.001,"tid":"34499520","type":"sell"},{"date":"1433801144","price":1414.74,"amount":0.007,"tid":"34499521","type":"sell"},{"date":"1433801148","price":1414.74,"amount":0.006,"tid":"34499522","type":"sell"},{"date":"1433801148","price":1414.74,"amount":0.001,"tid":"34499523","type":"sell"},{"date":"1433801148","price":1414.71,"amount":0.003,"tid":"34499524","type":"sell"},{"date":"1433801157","price":1414.77,"amount":0.01,"tid":"34499525","type":"buy"},{"date":"1433801159","price":1414.77,"amount":0.003,"tid":"34499526","type":"buy"},{"date":"1433801193","price":1414.78,"amount":0.003,"tid":"34499527","type":"sell"},{"date":"1433801193","price":1414.78,"amount":0.003,"tid":"34499528","type":"sell"},{"date":"1433801193","price":1414.78,"amount":0.003,"tid":"34499529","type":"sell"},{"date":"1433801193","price":1414.77,"amount":0.001,"tid":"34499530","type":"sell"},{"date":"1433801198","price":1414.77,"amount":0.006,"tid":"34499531","type":"sell"},{"date":"1433801198","price":1414.77,"amount":0.003,"tid":"34499532","type":"sell"},{"date":"1433801198","price":1414.76,"amount":0.001,"tid":"34499533","type":"sell"},{"date":"1433801204","price":1414.76,"amount":0.001,"tid":"34499534","type":"sell"},{"date":"1433801204","price":1414.76,"amount":0.002,"tid":"34499535","type":"sell"},{"date":"1433801204","price":1414.76,"amount":0.002,"tid":"34499536","type":"sell"},{"date":"1433801204","price":1414.75,"amount":0.002,"tid":"34499537","type":"sell"},{"date":"1433801204","price":1414.74,"amount":0.003,"tid":"34499538","type":"sell"},{"date":"1433801204","price":1414.74,"amount":0.01,"tid":"34499539","type":"sell"},{"date":"1433801209","price":1414.76,"amount":0.003,"tid":"34499540","type":"sell"},{"date":"1433801209","price":1414.74,"amount":0.002,"tid":"34499541","type":"sell"},{"date":"1433801209","price":1414.73,"amount":0.001,"tid":"34499542","type":"sell"},{"date":"1433801209","price":1414.73,"amount":0.001,"tid":"34499543","type":"sell"},{"date":"1433801209","price":1414.73,"amount":0.001,"tid":"34499544","type":"sell"},{"date":"1433801209","price":1414.72,"amount":0.001,"tid":"34499545","type":"sell"},{"date":"1433801209","price":1414.71,"amount":0.001,"tid":"34499546","type":"sell"},{"date":"1433801214","price":1414.76,"amount":0.003,"tid":"34499547","type":"sell"},{"date":"1433801214","price":1414.71,"amount":0.007,"tid":"34499548","type":"sell"},{"date":"1433801245","price":1414.76,"amount":0.003,"tid":"34499549","type":"buy"},{"date":"1433801245","price":1414.76,"amount":0.003,"tid":"34499550","type":"buy"},{"date":"1433801245","price":1414.76,"amount":0.003,"tid":"34499551","type":"buy"},{"date":"1433801245","price":1414.77,"amount":0.001,"tid":"34499552","type":"buy"},{"date":"1433801247","price":1414.77,"amount":0.01,"tid":"34499553","type":"buy"},{"date":"1433801248","price":1414.77,"amount":0.002,"tid":"34499554","type":"buy"},{"date":"1433801248","price":1414.77,"amount":0.003,"tid":"34499555","type":"buy"},{"date":"1433801248","price":1414.77,"amount":0.003,"tid":"34499556","type":"buy"},{"date":"1433801252","price":1414.78,"amount":0.003,"tid":"34499557","type":"buy"},{"date":"1433801252","price":1414.78,"amount":0.003,"tid":"34499558","type":"buy"},{"date":"1433801252","price":1414.79,"amount":0.003,"tid":"34499559","type":"buy"},{"date":"1433801252","price":1414.79,"amount":0.001,"tid":"34499560","type":"buy"},{"date":"1433801252","price":1414.79,"amount":0.002,"tid":"34499561","type":"buy"},{"date":"1433801252","price":1414.79,"amount":0.003,"tid":"34499562","type":"buy"},{"date":"1433801252","price":1414.79,"amount":0.002,"tid":"34499563","type":"buy"},{"date":"1433801252","price":1414.79,"amount":0.002,"tid":"34499564","type":"buy"},{"date":"1433801252","price":1414.79,"amount":0.001,"tid":"34499565","type":"buy"},{"date":"1433801257","price":1414.78,"amount":0.003,"tid":"34499566","type":"buy"},{"date":"1433801257","price":1414.79,"amount":0.001,"tid":"34499567","type":"buy"},{"date":"1433801257","price":1414.8,"amount":0.006,"tid":"34499568","type":"buy"},{"date":"1433801262","price":1414.78,"amount":0.003,"tid":"34499569","type":"buy"},{"date":"1433801262","price":1414.78,"amount":0.003,"tid":"34499570","type":"buy"},{"date":"1433801262","price":1414.8,"amount":0.004,"tid":"34499571","type":"buy"},{"date":"1433801262","price":1414.79,"amount":9.538,"tid":"34499572","type":"buy"},{"date":"1433801269","price":1414.78,"amount":0.003,"tid":"34499573","type":"buy"},{"date":"1433801269","price":1414.78,"amount":0.003,"tid":"34499574","type":"buy"},{"date":"1433801269","price":1414.8,"amount":0.003,"tid":"34499575","type":"buy"},{"date":"1433801269","price":1414.8,"amount":0.002,"tid":"34499576","type":"buy"},{"date":"1433801269","price":1414.8,"amount":0.002,"tid":"34499577","type":"buy"},{"date":"1433801269","price":1414.81,"amount":0.002,"tid":"34499578","type":"buy"},{"date":"1433801269","price":1414.82,"amount":0.002,"tid":"34499579","type":"buy"},{"date":"1433801269","price":1414.82,"amount":0.002,"tid":"34499580","type":"buy"},{"date":"1433801269","price":1414.82,"amount":0.002,"tid":"34499581","type":"buy"},{"date":"1433801269","price":1414.83,"amount":0.013,"tid":"34499582","type":"buy"},{"date":"1433801269","price":1414.85,"amount":0.001,"tid":"34499583","type":"buy"},{"date":"1433801269","price":1414.86,"amount":0.013,"tid":"34499584","type":"buy"},{"date":"1433801272","price":1414.83,"amount":0.003,"tid":"34499585","type":"sell"},{"date":"1433801272","price":1414.86,"amount":0.001,"tid":"34499586","type":"buy"},{"date":"1433801272","price":1414.86,"amount":0.001,"tid":"34499587","type":"buy"},{"date":"1433801272","price":1414.86,"amount":0.001,"tid":"34499588","type":"buy"},{"date":"1433801275","price":1414.85,"amount":0.003,"tid":"34499589","type":"sell"},{"date":"1433801286","price":1414.87,"amount":0.003,"tid":"34499590","type":"buy"},{"date":"1433801286","price":1414.88,"amount":0.002,"tid":"34499591","type":"buy"},{"date":"1433801286","price":1414.89,"amount":0.005,"tid":"34499592","type":"buy"},{"date":"1433801315","price":1414.88,"amount":0.003,"tid":"34499593","type":"buy"},{"date":"1433801315","price":1414.88,"amount":0.003,"tid":"34499594","type":"buy"},{"date":"1433801315","price":1414.88,"amount":0.003,"tid":"34499595","type":"buy"},{"date":"1433801315","price":1414.88,"amount":0.003,"tid":"34499596","type":"buy"},{"date":"1433801315","price":1414.88,"amount":0.003,"tid":"34499597","type":"buy"},{"date":"1433801315","price":1414.88,"amount":0.001,"tid":"34499598","type":"buy"},{"date":"1433801317","price":1414.88,"amount":0.002,"tid":"34499599","type":"buy"},{"date":"1433801317","price":1414.88,"amount":0.003,"tid":"34499600","type":"buy"},{"date":"1433801318","price":1414.88,"amount":0.003,"tid":"34499601","type":"sell"},{"date":"1433801329","price":1414.87,"amount":0.003,"tid":"34499602","type":"sell"},{"date":"1433801329","price":1414.87,"amount":0.003,"tid":"34499603","type":"sell"},{"date":"1433801329","price":1414.87,"amount":0.003,"tid":"34499604","type":"sell"},{"date":"1433801329","price":1414.87,"amount":0.001,"tid":"34499605","type":"sell"},{"date":"1433801382","price":1414.87,"amount":0.002,"tid":"34499606","type":"sell"},{"date":"1433801382","price":1414.87,"amount":0.003,"tid":"34499607","type":"sell"},{"date":"1433801382","price":1414.87,"amount":0.003,"tid":"34499608","type":"sell"},{"date":"1433801382","price":1414.87,"amount":0.002,"tid":"34499609","type":"sell"},{"date":"1433801387","price":1414.87,"amount":0.001,"tid":"34499610","type":"sell"},{"date":"1433801387","price":1414.87,"amount":0.003,"tid":"34499611","type":"sell"},{"date":"1433801387","price":1414.87,"amount":0.003,"tid":"34499612","type":"sell"},{"date":"1433801387","price":1414.87,"amount":0.003,"tid":"34499613","type":"sell"},{"date":"1433801392","price":1414.87,"amount":0.003,"tid":"34499614","type":"sell"},{"date":"1433801392","price":1414.87,"amount":0.003,"tid":"34499615","type":"sell"},{"date":"1433801392","price":1414.87,"amount":0.003,"tid":"34499616","type":"sell"},{"date":"1433801392","price":1414.87,"amount":0.001,"tid":"34499617","type":"sell"},{"date":"1433801397","price":1414.87,"amount":0.002,"tid":"34499618","type":"sell"},{"date":"1433801397","price":1414.87,"amount":0.003,"tid":"34499619","type":"sell"},{"date":"1433801397","price":1414.87,"amount":0.003,"tid":"34499620","type":"sell"},{"date":"1433801397","price":1414.87,"amount":0.002,"tid":"34499621","type":"sell"},{"date":"1433801421","price":1414.88,"amount":0.003,"tid":"34499622","type":"buy"},{"date":"1433801421","price":1414.88,"amount":0.003,"tid":"34499623","type":"buy"},{"date":"1433801421","price":1414.88,"amount":0.003,"tid":"34499624","type":"buy"},{"date":"1433801421","price":1414.88,"amount":0.003,"tid":"34499625","type":"buy"},{"date":"1433801421","price":1414.88,"amount":0.003,"tid":"34499626","type":"buy"},{"date":"1433801421","price":1414.88,"amount":0.003,"tid":"34499627","type":"buy"},{"date":"1433801421","price":1414.88,"amount":0.003,"tid":"34499628","type":"buy"},{"date":"1433801421","price":1414.88,"amount":0.003,"tid":"34499629","type":"buy"},{"date":"1433801421","price":1414.88,"amount":0.003,"tid":"34499630","type":"buy"},{"date":"1433801421","price":1414.88,"amount":0.003,"tid":"34499631","type":"buy"},{"date":"1433801422","price":1414.88,"amount":2.223,"tid":"34499632","type":"buy"},{"date":"1433801422","price":1414.88,"amount":2.259,"tid":"34499633","type":"buy"},{"date":"1433801422","price":1414.88,"amount":2.115,"tid":"34499634","type":"buy"},{"date":"1433801429","price":1414.89,"amount":0.008,"tid":"34499635","type":"buy"},{"date":"1433801429","price":1414.89,"amount":0.002,"tid":"34499636","type":"buy"},{"date":"1433801437","price":1414.89,"amount":0.001,"tid":"34499637","type":"buy"},{"date":"1433801437","price":1414.89,"amount":0.003,"tid":"34499638","type":"buy"},{"date":"1433801437","price":1414.89,"amount":0.003,"tid":"34499639","type":"buy"},{"date":"1433801437","price":1414.89,"amount":0.003,"tid":"34499640","type":"buy"},{"date":"1433801437","price":1414.9,"amount":0.002,"tid":"34499641","type":"buy"},{"date":"1433801437","price":1414.92,"amount":0.003,"tid":"34499642","type":"buy"},{"date":"1433801437","price":1414.92,"amount":0.011,"tid":"34499643","type":"buy"},{"date":"1433801443","price":1414.88,"amount":0.01,"tid":"34499644","type":"sell"},{"date":"1433801444","price":1414.88,"amount":0.02,"tid":"34499645","type":"sell"},{"date":"1433801447","price":1414.88,"amount":0.003,"tid":"34499646","type":"sell"},{"date":"1433801447","price":1414.88,"amount":0.003,"tid":"34499647","type":"sell"},{"date":"1433801447","price":1414.88,"amount":0.003,"tid":"34499648","type":"sell"},{"date":"1433801447","price":1414.88,"amount":0.001,"tid":"34499649","type":"sell"},{"date":"1433801449","price":1414.88,"amount":0.002,"tid":"34499650","type":"sell"},{"date":"1433801449","price":1414.88,"amount":0.003,"tid":"34499651","type":"sell"},{"date":"1433801449","price":1414.88,"amount":0.003,"tid":"34499652","type":"sell"},{"date":"1433801449","price":1414.88,"amount":0.002,"tid":"34499653","type":"sell"},{"date":"1433801454","price":1414.88,"amount":0.001,"tid":"34499654","type":"sell"},{"date":"1433801454","price":1414.88,"amount":0.003,"tid":"34499655","type":"sell"},{"date":"1433801454","price":1414.88,"amount":0.003,"tid":"34499656","type":"sell"},{"date":"1433801454","price":1414.87,"amount":0.001,"tid":"34499657","type":"sell"},{"date":"1433801454","price":1414.87,"amount":0.002,"tid":"34499658","type":"sell"},{"date":"1433801459","price":1414.88,"amount":0.003,"tid":"34499659","type":"sell"},{"date":"1433801459","price":1414.87,"amount":0.001,"tid":"34499660","type":"sell"},{"date":"1433801459","price":1414.86,"amount":0.003,"tid":"34499661","type":"sell"},{"date":"1433801459","price":1414.86,"amount":0.003,"tid":"34499662","type":"sell"},{"date":"1433801464","price":1414.88,"amount":0.003,"tid":"34499663","type":"sell"},{"date":"1433801464","price":1414.88,"amount":0.003,"tid":"34499664","type":"sell"},{"date":"1433801464","price":1414.86,"amount":0.004,"tid":"34499665","type":"sell"},{"date":"1433801467","price":1414.88,"amount":0.003,"tid":"34499666","type":"sell"},{"date":"1433801467","price":1414.86,"amount":0.006,"tid":"34499667","type":"sell"},{"date":"1433801467","price":1414.84,"amount":0.001,"tid":"34499668","type":"sell"},{"date":"1433801468","price":1414.84,"amount":0.002,"tid":"34499669","type":"sell"},{"date":"1433801468","price":1414.84,"amount":0.002,"tid":"34499670","type":"sell"},{"date":"1433801468","price":1414.83,"amount":0.006,"tid":"34499671","type":"sell"},{"date":"1433801469","price":1414.88,"amount":19.198,"tid":"34499672","type":"sell"},{"date":"1433801473","price":1414.88,"amount":0.003,"tid":"34499673","type":"sell"},{"date":"1433801473","price":1414.83,"amount":0.007,"tid":"34499674","type":"sell"},{"date":"1433801475","price":1414.88,"amount":0.003,"tid":"34499675","type":"sell"},{"date":"1433801478","price":1414.83,"amount":0.007,"tid":"34499676","type":"sell"},{"date":"1433801478","price":1414.82,"amount":0.002,"tid":"34499677","type":"sell"},{"date":"1433801478","price":1414.81,"amount":0.001,"tid":"34499678","type":"sell"},{"date":"1433801479","price":1414.86,"amount":0.002,"tid":"34499679","type":"buy"},{"date":"1433801483","price":1414.8,"amount":0.01,"tid":"34499680","type":"sell"},{"date":"1433801488","price":1414.8,"amount":0.003,"tid":"34499681","type":"sell"},{"date":"1433801488","price":1414.79,"amount":0.001,"tid":"34499682","type":"sell"},{"date":"1433801488","price":1414.77,"amount":0.003,"tid":"34499683","type":"sell"},{"date":"1433801488","price":1414.77,"amount":0.003,"tid":"34499684","type":"sell"},{"date":"1433801491","price":1414.77,"amount":0.003,"tid":"34499685","type":"sell"},{"date":"1433801491","price":1414.77,"amount":0.003,"tid":"34499686","type":"sell"},{"date":"1433801491","price":1414.77,"amount":0.003,"tid":"34499687","type":"sell"},{"date":"1433801491","price":1414.77,"amount":0.003,"tid":"34499688","type":"sell"},{"date":"1433801491","price":1414.77,"amount":0.013,"tid":"34499689","type":"sell"},{"date":"1433801491","price":1414.77,"amount":0.003,"tid":"34499690","type":"sell"},{"date":"1433801491","price":1414.77,"amount":0.001,"tid":"34499691","type":"sell"},{"date":"1433801491","price":1414.75,"amount":0.003,"tid":"34499692","type":"sell"},{"date":"1433801491","price":1414.75,"amount":0.003,"tid":"34499693","type":"sell"},{"date":"1433801491","price":1414.75,"amount":0.003,"tid":"34499694","type":"sell"},{"date":"1433801491","price":1414.74,"amount":0.002,"tid":"34499695","type":"sell"},{"date":"1433801491","price":1414.74,"amount":0.01,"tid":"34499696","type":"sell"},{"date":"1433801492","price":1414.85,"amount":1.845,"tid":"34499697","type":"sell"},{"date":"1433801492","price":1414.85,"amount":7.106,"tid":"34499698","type":"sell"},{"date":"1433801493","price":1414.74,"amount":0.003,"tid":"34499699","type":"sell"},{"date":"1433801493","price":1414.74,"amount":0.004,"tid":"34499700","type":"sell"},{"date":"1433801493","price":1414.73,"amount":0.002,"tid":"34499701","type":"sell"},{"date":"1433801493","price":1414.73,"amount":0.001,"tid":"34499702","type":"sell"},{"date":"1433801498","price":1414.73,"amount":0.001,"tid":"34499703","type":"sell"},{"date":"1433801498","price":1414.73,"amount":0.002,"tid":"34499704","type":"sell"},{"date":"1433801498","price":1414.71,"amount":0.002,"tid":"34499705","type":"sell"},{"date":"1433801498","price":1414.71,"amount":0.003,"tid":"34499706","type":"sell"},{"date":"1433801498","price":1414.71,"amount":0.001,"tid":"34499707","type":"sell"},{"date":"1433801498","price":1414.7,"amount":0.001,"tid":"34499708","type":"sell"},{"date":"1433801499","price":1414.71,"amount":0.264,"tid":"34499709","type":"sell"},{"date":"1433801499","price":1414.71,"amount":0.461,"tid":"34499710","type":"sell"},{"date":"1433801499","price":1414.71,"amount":3.831,"tid":"34499711","type":"sell"},{"date":"1433801503","price":1414.7,"amount":0.001,"tid":"34499712","type":"sell"},{"date":"1433801503","price":1414.69,"amount":0.002,"tid":"34499713","type":"sell"},{"date":"1433801503","price":1414.69,"amount":0.002,"tid":"34499714","type":"sell"},{"date":"1433801503","price":1414.69,"amount":0.002,"tid":"34499715","type":"sell"},{"date":"1433801503","price":1414.69,"amount":0.0015,"tid":"34499716","type":"sell"},{"date":"1433801503","price":1414.68,"amount":0.0015,"tid":"34499717","type":"sell"},{"date":"1433801508","price":1414.68,"amount":0.01,"tid":"34499718","type":"sell"},{"date":"1433801513","price":1414.68,"amount":0.0015,"tid":"34499719","type":"sell"},{"date":"1433801513","price":1414.68,"amount":0.001,"tid":"34499720","type":"sell"},{"date":"1433801513","price":1414.67,"amount":0.001,"tid":"34499721","type":"sell"},{"date":"1433801513","price":1414.65,"amount":0.0065,"tid":"34499722","type":"sell"},{"date":"1433801518","price":1414.65,"amount":0.0065,"tid":"34499723","type":"sell"},{"date":"1433801518","price":1414.62,"amount":0.001,"tid":"34499724","type":"sell"},{"date":"1433801518","price":1414.62,"amount":0.0025,"tid":"34499725","type":"sell"},{"date":"1433801559","price":1414.64,"amount":0.003,"tid":"34499726","type":"sell"},{"date":"1433801559","price":1414.64,"amount":0.003,"tid":"34499727","type":"sell"},{"date":"1433801559","price":1414.64,"amount":0.003,"tid":"34499728","type":"sell"},{"date":"1433801559","price":1414.64,"amount":0.001,"tid":"34499729","type":"sell"},{"date":"1433801560","price":1414.65,"amount":0.003,"tid":"34499730","type":"buy"},{"date":"1433801560","price":1414.65,"amount":0.003,"tid":"34499731","type":"buy"},{"date":"1433801560","price":1414.65,"amount":0.003,"tid":"34499732","type":"buy"},{"date":"1433801560","price":1414.65,"amount":0.003,"tid":"34499733","type":"buy"},{"date":"1433801578","price":1414.65,"amount":0.003,"tid":"34499734","type":"sell"},{"date":"1433801578","price":1414.65,"amount":0.003,"tid":"34499735","type":"sell"},{"date":"1433801578","price":1414.64,"amount":0.002,"tid":"34499736","type":"sell"},{"date":"1433801578","price":1414.63,"amount":0.002,"tid":"34499737","type":"sell"},{"date":"1433801590","price":1414.64,"amount":0.003,"tid":"34499738","type":"sell"},{"date":"1433801590","price":1414.64,"amount":0.003,"tid":"34499739","type":"sell"},{"date":"1433801590","price":1414.63,"amount":0.002,"tid":"34499740","type":"sell"},{"date":"1433801590","price":1414.62,"amount":0.002,"tid":"34499741","type":"sell"},{"date":"1433801594","price":1414.62,"amount":0.0085,"tid":"34499742","type":"sell"},{"date":"1433801594","price":1414.62,"amount":0.0015,"tid":"34499743","type":"sell"},{"date":"1433801595","price":1414.62,"amount":0.0005,"tid":"34499744","type":"sell"},{"date":"1433801595","price":1414.62,"amount":0.002,"tid":"34499745","type":"sell"},{"date":"1433801595","price":1414.62,"amount":0.002,"tid":"34499746","type":"sell"},{"date":"1433801595","price":1414.62,"amount":0.002,"tid":"34499747","type":"sell"},{"date":"1433801595","price":1414.62,"amount":0.002,"tid":"34499748","type":"sell"},{"date":"1433801595","price":1414.62,"amount":0.002,"tid":"34499749","type":"sell"},{"date":"1433801595","price":1414.6,"amount":0.001,"tid":"34499750","type":"sell"},{"date":"1433801595","price":1414.6,"amount":0.001,"tid":"34499751","type":"sell"},{"date":"1433801595","price":1414.59,"amount":0.013,"tid":"34499752","type":"sell"},{"date":"1433801595","price":1414.59,"amount":0.001,"tid":"34499753","type":"sell"},{"date":"1433801595","price":1414.59,"amount":0.001,"tid":"34499754","type":"sell"},{"date":"1433801595","price":1414.59,"amount":0.001,"tid":"34499755","type":"sell"},{"date":"1433801595","price":1414.59,"amount":0.001,"tid":"34499756","type":"sell"},{"date":"1433801595","price":1414.59,"amount":0.0005,"tid":"34499757","type":"sell"},{"date":"1433801599","price":1414.59,"amount":0.0005,"tid":"34499758","type":"sell"},{"date":"1433801599","price":1414.59,"amount":0.001,"tid":"34499759","type":"sell"},{"date":"1433801599","price":1414.56,"amount":0.001,"tid":"34499760","type":"sell"},{"date":"1433801599","price":1414.56,"amount":0.0075,"tid":"34499761","type":"sell"},{"date":"1433801604","price":1414.56,"amount":0.0055,"tid":"34499762","type":"sell"},{"date":"1433801604","price":1414.53,"amount":0.0045,"tid":"34499763","type":"sell"},{"date":"1433801609","price":1414.53,"amount":0.0085,"tid":"34499764","type":"sell"},{"date":"1433801609","price":1414.5,"amount":0.0015,"tid":"34499765","type":"sell"},{"date":"1433801614","price":1414.5,"amount":0.01,"tid":"34499766","type":"sell"},{"date":"1433801617","price":1414.5,"amount":0.0015,"tid":"34499767","type":"sell"},{"date":"1433801617","price":1414.49,"amount":0.001,"tid":"34499768","type":"sell"},{"date":"1433801617","price":1414.48,"amount":0.001,"tid":"34499769","type":"sell"},{"date":"1433801617","price":1414.47,"amount":0.013,"tid":"34499770","type":"sell"},{"date":"1433801617","price":1414.44,"amount":0.013,"tid":"34499771","type":"sell"},{"date":"1433801617","price":1414.41,"amount":0.013,"tid":"34499772","type":"sell"},{"date":"1433801617","price":1414.38,"amount":0.013,"tid":"34499773","type":"sell"},{"date":"1433801617","price":1414.35,"amount":0.0174,"tid":"34499774","type":"sell"},{"date":"1433801617","price":1414.35,"amount":0.013,"tid":"34499775","type":"sell"},{"date":"1433801617","price":1414.32,"amount":0.013,"tid":"34499776","type":"sell"},{"date":"1433801617","price":1414.29,"amount":0.013,"tid":"34499777","type":"sell"},{"date":"1433801619","price":1414.26,"amount":0.01,"tid":"34499778","type":"sell"},{"date":"1433801623","price":1414.26,"amount":0.003,"tid":"34499779","type":"sell"},{"date":"1433801623","price":1414.23,"amount":0.007,"tid":"34499780","type":"sell"},{"date":"1433801624","price":1414.23,"amount":0.006,"tid":"34499781","type":"sell"},{"date":"1433801624","price":1414.2,"amount":0.004,"tid":"34499782","type":"sell"},{"date":"1433801628","price":1414.2,"amount":0.009,"tid":"34499783","type":"sell"},{"date":"1433801628","price":1414.17,"amount":0.001,"tid":"34499784","type":"sell"},{"date":"1433801633","price":1414.17,"amount":0.01,"tid":"34499785","type":"sell"},{"date":"1433801635","price":1414.23,"amount":0.013,"tid":"34499786","type":"buy"},{"date":"1433801635","price":1414.26,"amount":0.013,"tid":"34499787","type":"buy"},{"date":"1433801635","price":1414.29,"amount":0.013,"tid":"34499788","type":"buy"},{"date":"1433801635","price":1414.32,"amount":0.013,"tid":"34499789","type":"buy"},{"date":"1433801635","price":1414.35,"amount":0.013,"tid":"34499790","type":"buy"},{"date":"1433801635","price":1414.38,"amount":0.013,"tid":"34499791","type":"buy"},{"date":"1433801635","price":1414.41,"amount":0.013,"tid":"34499792","type":"buy"},{"date":"1433801635","price":1414.42,"amount":0.0319,"tid":"34499793","type":"buy"},{"date":"1433801635","price":1414.44,"amount":0.013,"tid":"34499794","type":"buy"},{"date":"1433801635","price":1414.47,"amount":0.013,"tid":"34499795","type":"buy"},{"date":"1433801635","price":1414.5,"amount":0.013,"tid":"34499796","type":"buy"},{"date":"1433801635","price":1414.53,"amount":0.013,"tid":"34499797","type":"buy"},{"date":"1433801635","price":1414.56,"amount":0.013,"tid":"34499798","type":"buy"},{"date":"1433801635","price":1414.59,"amount":0.013,"tid":"34499799","type":"buy"},{"date":"1433801635","price":1414.62,"amount":0.013,"tid":"34499800","type":"buy"},{"date":"1433801635","price":1414.65,"amount":0.003,"tid":"34499801","type":"buy"},{"date":"1433801635","price":1414.65,"amount":0.003,"tid":"34499802","type":"buy"},{"date":"1433801635","price":1414.65,"amount":0.013,"tid":"34499803","type":"buy"},{"date":"1433801635","price":1414.66,"amount":0.003,"tid":"34499804","type":"buy"},{"date":"1433801635","price":1414.66,"amount":0.003,"tid":"34499805","type":"buy"},{"date":"1433801635","price":1414.68,"amount":0.013,"tid":"34499806","type":"buy"},{"date":"1433801635","price":1414.68,"amount":0.002,"tid":"34499807","type":"buy"},{"date":"1433801635","price":1414.68,"amount":0.002,"tid":"34499808","type":"buy"},{"date":"1433801635","price":1414.68,"amount":0.002,"tid":"34499809","type":"buy"},{"date":"1433801635","price":1414.68,"amount":0.002,"tid":"34499810","type":"buy"},{"date":"1433801635","price":1414.68,"amount":0.002,"tid":"34499811","type":"buy"},{"date":"1433801635","price":1414.68,"amount":0.002,"tid":"34499812","type":"buy"},{"date":"1433801635","price":1414.69,"amount":0.002,"tid":"34499813","type":"buy"},{"date":"1433801635","price":1414.69,"amount":0.002,"tid":"34499814","type":"buy"},{"date":"1433801638","price":1414.44,"amount":0.01,"tid":"34499815","type":"sell"},{"date":"1433801639","price":1414.5,"amount":0.013,"tid":"34499816","type":"sell"},{"date":"1433801639","price":1414.44,"amount":0.003,"tid":"34499817","type":"sell"},{"date":"1433801639","price":1414.41,"amount":0.013,"tid":"34499818","type":"sell"},{"date":"1433801639","price":1414.38,"amount":0.013,"tid":"34499819","type":"sell"},{"date":"1433801639","price":1414.38,"amount":0.078,"tid":"34499820","type":"sell"},{"date":"1433801639","price":1414.35,"amount":0.013,"tid":"34499821","type":"sell"},{"date":"1433801639","price":1414.32,"amount":0.013,"tid":"34499822","type":"sell"},{"date":"1433801639","price":1414.29,"amount":0.013,"tid":"34499823","type":"sell"},{"date":"1433801639","price":1414.26,"amount":0.013,"tid":"34499824","type":"sell"},{"date":"1433801639","price":1414.23,"amount":0.013,"tid":"34499825","type":"sell"},{"date":"1433801639","price":1414.2,"amount":0.013,"tid":"34499826","type":"sell"},{"date":"1433801639","price":1414.18,"amount":0.0223,"tid":"34499827","type":"sell"},{"date":"1433801639","price":1414.17,"amount":0.002,"tid":"34499828","type":"sell"},{"date":"1433801639","price":1414.14,"amount":0.013,"tid":"34499829","type":"sell"},{"date":"1433801639","price":1414.12,"amount":0.005,"tid":"34499830","type":"sell"},{"date":"1433801639","price":1414.11,"amount":0.013,"tid":"34499831","type":"sell"},{"date":"1433801639","price":1414.08,"amount":0.013,"tid":"34499832","type":"sell"},{"date":"1433801641","price":1414.07,"amount":0.013,"tid":"34499833","type":"buy"},{"date":"1433801641","price":1414.07,"amount":0.013,"tid":"34499834","type":"buy"},{"date":"1433801641","price":1414.07,"amount":0.0127,"tid":"34499835","type":"buy"},{"date":"1433801641","price":1414.71,"amount":0.013,"tid":"34499836","type":"buy"},{"date":"1433801641","price":1414.72,"amount":0.001,"tid":"34499837","type":"buy"},{"date":"1433801641","price":1414.72,"amount":0.001,"tid":"34499838","type":"buy"},{"date":"1433801641","price":1414.72,"amount":0.001,"tid":"34499839","type":"buy"},{"date":"1433801641","price":1414.72,"amount":0.001,"tid":"34499840","type":"buy"},{"date":"1433801641","price":1414.72,"amount":0.001,"tid":"34499841","type":"buy"},{"date":"1433801641","price":1414.72,"amount":0.001,"tid":"34499842","type":"buy"},{"date":"1433801641","price":1414.73,"amount":0.001,"tid":"34499843","type":"buy"},{"date":"1433801641","price":1414.73,"amount":0.001,"tid":"34499844","type":"buy"},{"date":"1433801641","price":1414.74,"amount":0.013,"tid":"34499845","type":"buy"},{"date":"1433801641","price":1414.77,"amount":0.0003,"tid":"34499846","type":"buy"},{"date":"1433801643","price":1414.62,"amount":0.01,"tid":"34499847","type":"sell"},{"date":"1433801643","price":1414.62,"amount":0.003,"tid":"34499848","type":"sell"},{"date":"1433801643","price":1414.56,"amount":0.007,"tid":"34499849","type":"sell"},{"date":"1433801644","price":1414.56,"amount":0.006,"tid":"34499850","type":"sell"},{"date":"1433801645","price":1414.53,"amount":0.013,"tid":"34499851","type":"sell"},{"date":"1433801646","price":1414.23,"amount":0.003,"tid":"34499852","type":"buy"},{"date":"1433801646","price":1414.2,"amount":0.01,"tid":"34499853","type":"sell"},{"date":"1433801647","price":1414.23,"amount":0.01,"tid":"34499854","type":"buy"},{"date":"1433801647","price":1414.29,"amount":0.013,"tid":"34499855","type":"buy"},{"date":"1433801647","price":1414.41,"amount":0.013,"tid":"34499856","type":"buy"},{"date":"1433801647","price":1414.49,"amount":0.02,"tid":"34499857","type":"buy"},{"date":"1433801647","price":1414.56,"amount":0.007,"tid":"34499858","type":"buy"},{"date":"1433801647","price":1414.59,"amount":0.003,"tid":"34499859","type":"buy"},{"date":"1433801647","price":1414.2,"amount":0.003,"tid":"34499860","type":"sell"},{"date":"1433801648","price":1414.2,"amount":0.002,"tid":"34499861","type":"buy"},{"date":"1433801648","price":1414.2,"amount":0.008,"tid":"34499862","type":"buy"},{"date":"1433801649","price":1414.26,"amount":0.013,"tid":"34499863","type":"buy"},{"date":"1433801652","price":1414.25,"amount":0.0223,"tid":"34499864","type":"buy"},{"date":"1433801652","price":1414.32,"amount":0.013,"tid":"34499865","type":"buy"},{"date":"1433801652","price":1414.38,"amount":0.013,"tid":"34499866","type":"buy"},{"date":"1433801652","price":1414.47,"amount":0.013,"tid":"34499867","type":"buy"},{"date":"1433801652","price":1414.5,"amount":0.013,"tid":"34499868","type":"buy"},{"date":"1433801653","price":1414.35,"amount":0.003,"tid":"34499869","type":"buy"},{"date":"1433801654","price":1414.35,"amount":0.01,"tid":"34499870","type":"buy"},{"date":"1433801654","price":1414.37,"amount":0.003,"tid":"34499871","type":"buy"},{"date":"1433801654","price":1414.23,"amount":0.01,"tid":"34499872","type":"sell"},{"date":"1433801655","price":1414.26,"amount":0.002,"tid":"34499873","type":"buy"},{"date":"1433801657","price":1414.26,"amount":0.001,"tid":"34499874","type":"buy"},{"date":"1433801659","price":1414.26,"amount":0.01,"tid":"34499875","type":"buy"},{"date":"1433801659","price":1414.4,"amount":0.002,"tid":"34499876","type":"buy"},{"date":"1433801659","price":1414.44,"amount":0.001,"tid":"34499877","type":"buy"},{"date":"1433801659","price":1414.44,"amount":0.013,"tid":"34499878","type":"buy"},{"date":"1433801659","price":1414.59,"amount":0.01,"tid":"34499879","type":"buy"},{"date":"1433801659","price":1414.62,"amount":0.012,"tid":"34499880","type":"buy"},{"date":"1433801659","price":1414.35,"amount":0.013,"tid":"34499881","type":"buy"},{"date":"1433801659","price":1414.23,"amount":0.003,"tid":"34499882","type":"sell"},{"date":"1433801659","price":1414.23,"amount":0.01,"tid":"34499883","type":"sell"},{"date":"1433801660","price":1414.42,"amount":0.644,"tid":"34499884","type":"buy"},{"date":"1433801660","price":1414.42,"amount":2.936,"tid":"34499885","type":"buy"},{"date":"1433801661","price":1414.62,"amount":0.001,"tid":"34499886","type":"buy"},{"date":"1433801661","price":1414.65,"amount":0.013,"tid":"34499887","type":"buy"},{"date":"1433801662","price":1414.65,"amount":0.013,"tid":"34499888","type":"sell"},{"date":"1433801662","price":1414.65,"amount":0.013,"tid":"34499889","type":"sell"},{"date":"1433801663","price":1414.65,"amount":0.008,"tid":"34499890","type":"sell"},{"date":"1433801663","price":1414.53,"amount":0.013,"tid":"34499891","type":"sell"},{"date":"1433801663","price":1414.5,"amount":0.012,"tid":"34499892","type":"sell"},{"date":"1433801663","price":1414.5,"amount":0.001,"tid":"34499893","type":"sell"},{"date":"1433801663","price":1414.47,"amount":0.009,"tid":"34499894","type":"sell"},{"date":"1433801664","price":1414.47,"amount":0.002,"tid":"34499895","type":"sell"},{"date":"1433801664","price":1414.49,"amount":0.001,"tid":"34499896","type":"buy"},{"date":"1433801664","price":1414.56,"amount":0.005,"tid":"34499897","type":"buy"},{"date":"1433801666","price":1414.56,"amount":0.008,"tid":"34499898","type":"sell"},{"date":"1433801666","price":1414.53,"amount":0.002,"tid":"34499899","type":"sell"},{"date":"1433801667","price":1414.53,"amount":0.01,"tid":"34499900","type":"sell"},{"date":"1433801667","price":1414.49,"amount":0.01,"tid":"34499901","type":"sell"},{"date":"1433801668","price":1414.53,"amount":0.013,"tid":"34499902","type":"buy"},{"date":"1433801668","price":1414.55,"amount":0.001,"tid":"34499903","type":"buy"},{"date":"1433801669","price":1414.6,"amount":3.634,"tid":"34499904","type":"buy"},{"date":"1433801669","price":1414.6,"amount":6.884,"tid":"34499905","type":"buy"},{"date":"1433801669","price":1414.6,"amount":8.282,"tid":"34499906","type":"buy"},{"date":"1433801669","price":1414.59,"amount":0.012,"tid":"34499907","type":"sell"},{"date":"1433801670","price":1414.59,"amount":0.001,"tid":"34499908","type":"buy"},{"date":"1433801670","price":1414.62,"amount":0.013,"tid":"34499909","type":"buy"},{"date":"1433801670","price":1414.62,"amount":0.013,"tid":"34499910","type":"buy"},{"date":"1433801670","price":1414.65,"amount":0.034,"tid":"34499911","type":"buy"},{"date":"1433801670","price":1414.65,"amount":0.0063,"tid":"34499912","type":"buy"},{"date":"1433801670","price":1414.65,"amount":0.013,"tid":"34499913","type":"buy"},{"date":"1433801670","price":1414.68,"amount":0.004,"tid":"34499914","type":"buy"},{"date":"1433801671","price":1414.59,"amount":0.013,"tid":"34499915","type":"buy"},{"date":"1433801672","price":1414.59,"amount":0.013,"tid":"34499916","type":"sell"},{"date":"1433801673","price":1414.56,"amount":0.01,"tid":"34499917","type":"sell"},{"date":"1433801674","price":1414.62,"amount":0.001,"tid":"34499918","type":"buy"},{"date":"1433801674","price":1414.65,"amount":0.013,"tid":"34499919","type":"buy"},{"date":"1433801676","price":1414.65,"amount":0.01,"tid":"34499920","type":"sell"},{"date":"1433801677","price":1414.65,"amount":0.003,"tid":"34499921","type":"sell"},{"date":"1433801677","price":1414.62,"amount":0.007,"tid":"34499922","type":"sell"},{"date":"1433801684","price":1414.62,"amount":0.005,"tid":"34499923","type":"sell"},{"date":"1433801684","price":1414.62,"amount":0.005,"tid":"34499924","type":"sell"},{"date":"1433801684","price":1414.62,"amount":0.008,"tid":"34499925","type":"sell"},{"date":"1433801687","price":1414.56,"amount":0.003,"tid":"34499926","type":"sell"},{"date":"1433801687","price":1414.56,"amount":0.013,"tid":"34499927","type":"sell"},{"date":"1433801687","price":1414.53,"amount":0.004,"tid":"34499928","type":"sell"},{"date":"1433801688","price":1414.53,"amount":0.009,"tid":"34499929","type":"sell"},{"date":"1433801688","price":1414.5,"amount":0.013,"tid":"34499930","type":"sell"},{"date":"1433801689","price":1414.47,"amount":0.002,"tid":"34499931","type":"sell"},{"date":"1433801690","price":1414.47,"amount":0.003,"tid":"34499932","type":"buy"},{"date":"1433801691","price":1414.47,"amount":0.008,"tid":"34499933","type":"buy"},{"date":"1433801691","price":1414.47,"amount":0.013,"tid":"34499934","type":"buy"},{"date":"1433801706","price":1414.52,"amount":0.002,"tid":"34499935","type":"sell"},{"date":"1433801706","price":1414.49,"amount":0.001,"tid":"34499936","type":"sell"},{"date":"1433801706","price":1414.47,"amount":0.007,"tid":"34499937","type":"sell"},{"date":"1433801709","price":1414.47,"amount":0.006,"tid":"34499938","type":"sell"},{"date":"1433801709","price":1414.45,"amount":0.001,"tid":"34499939","type":"sell"},{"date":"1433801709","price":1414.44,"amount":0.003,"tid":"34499940","type":"sell"},{"date":"1433801711","price":1414.44,"amount":0.01,"tid":"34499941","type":"sell"},{"date":"1433801712","price":1414.47,"amount":0.013,"tid":"34499942","type":"buy"},{"date":"1433801715","price":1414.44,"amount":0.01,"tid":"34499943","type":"sell"},{"date":"1433801716","price":1414.44,"amount":0.003,"tid":"34499944","type":"sell"},{"date":"1433801716","price":1414.44,"amount":0.013,"tid":"34499945","type":"sell"},{"date":"1433801716","price":1414.44,"amount":0.013,"tid":"34499946","type":"sell"},{"date":"1433801716","price":1414.44,"amount":0.013,"tid":"34499947","type":"sell"},{"date":"1433801716","price":1414.41,"amount":0.008,"tid":"34499948","type":"sell"},{"date":"1433801717","price":1414.41,"amount":0.005,"tid":"34499949","type":"sell"},{"date":"1433801717","price":1414.4,"amount":0.001,"tid":"34499950","type":"sell"},{"date":"1433801717","price":1414.38,"amount":0.007,"tid":"34499951","type":"sell"},{"date":"1433801717","price":1414.38,"amount":0.006,"tid":"34499952","type":"sell"},{"date":"1433801717","price":1414.34,"amount":0.001,"tid":"34499953","type":"sell"},{"date":"1433801717","price":1414.32,"amount":0.013,"tid":"34499954","type":"sell"},{"date":"1433801717","price":1414.32,"amount":0.013,"tid":"34499955","type":"sell"},{"date":"1433801717","price":1414.29,"amount":0.013,"tid":"34499956","type":"sell"},{"date":"1433801717","price":1414.29,"amount":0.004,"tid":"34499957","type":"sell"},{"date":"1433801718","price":1414.32,"amount":0.013,"tid":"34499958","type":"sell"},{"date":"1433801719","price":1414.35,"amount":0.013,"tid":"34499959","type":"buy"},{"date":"1433801719","price":1414.41,"amount":0.013,"tid":"34499960","type":"buy"},{"date":"1433801719","price":1414.44,"amount":0.013,"tid":"34499961","type":"buy"},{"date":"1433801719","price":1414.47,"amount":0.013,"tid":"34499962","type":"buy"},{"date":"1433801719","price":1414.5,"amount":0.004,"tid":"34499963","type":"buy"},{"date":"1433801719","price":1414.29,"amount":0.009,"tid":"34499964","type":"sell"},{"date":"1433801719","price":1414.27,"amount":0.001,"tid":"34499965","type":"sell"},{"date":"1433801719","price":1414.27,"amount":0.001,"tid":"34499966","type":"sell"},{"date":"1433801719","price":1414.23,"amount":0.002,"tid":"34499967","type":"sell"},{"date":"1433801720","price":1414.26,"amount":0.013,"tid":"34499968","type":"buy"},{"date":"1433801720","price":1414.5,"amount":0.009,"tid":"34499969","type":"buy"},{"date":"1433801720","price":1414.25,"amount":0.01,"tid":"34499970","type":"buy"},{"date":"1433801720","price":1414.29,"amount":0.003,"tid":"34499971","type":"buy"},{"date":"1433801721","price":1414.29,"amount":0.009,"tid":"34499972","type":"buy"},{"date":"1433801722","price":1414.29,"amount":0.001,"tid":"34499973","type":"buy"},{"date":"1433801722","price":1414.38,"amount":0.013,"tid":"34499974","type":"buy"},{"date":"1433801722","price":1414.38,"amount":0.013,"tid":"34499975","type":"buy"},{"date":"1433801723","price":1414.38,"amount":0.01,"tid":"34499976","type":"sell"},{"date":"1433801723","price":1414.35,"amount":0.003,"tid":"34499977","type":"sell"},{"date":"1433801724","price":1414.38,"amount":0.01,"tid":"34499978","type":"sell"},{"date":"1433801725","price":1414.41,"amount":0.01,"tid":"34499979","type":"sell"},{"date":"1433801725","price":1414.41,"amount":0.003,"tid":"34499980","type":"sell"},{"date":"1433801725","price":1414.38,"amount":0.003,"tid":"34499981","type":"sell"},{"date":"1433801725","price":1414.35,"amount":0.007,"tid":"34499982","type":"sell"},{"date":"1433801726","price":1414.44,"amount":0.01,"tid":"34499983","type":"sell"},{"date":"1433801726","price":1414.44,"amount":0.003,"tid":"34499984","type":"sell"},{"date":"1433801726","price":1414.35,"amount":0.003,"tid":"34499985","type":"sell"},{"date":"1433801726","price":1414.35,"amount":0.007,"tid":"34499986","type":"sell"},{"date":"1433801726","price":1414.35,"amount":0.006,"tid":"34499987","type":"sell"},{"date":"1433801726","price":1414.32,"amount":0.007,"tid":"34499988","type":"sell"},{"date":"1433801727","price":1414.32,"amount":0.005,"tid":"34499989","type":"sell"},{"date":"1433801727","price":1414.32,"amount":0.013,"tid":"34499990","type":"sell"},{"date":"1433801727","price":1414.29,"amount":0.013,"tid":"34499991","type":"sell"},{"date":"1433801727","price":1414.23,"amount":0.001,"tid":"34499992","type":"sell"},{"date":"1433801727","price":1414.23,"amount":0.013,"tid":"34499993","type":"sell"},{"date":"1433801727","price":1414.22,"amount":0.001,"tid":"34499994","type":"sell"},{"date":"1433801727","price":1414.2,"amount":0.004,"tid":"34499995","type":"sell"},{"date":"1433801728","price":1414.2,"amount":0.001,"tid":"34499996","type":"sell"},{"date":"1433801728","price":1414.2,"amount":0.013,"tid":"34499997","type":"sell"},{"date":"1433801728","price":1414.19,"amount":0.001,"tid":"34499998","type":"sell"},{"date":"1433801728","price":1414.17,"amount":0.003,"tid":"34499999","type":"sell"},{"date":"1433801728","price":1414.35,"amount":0.013,"tid":"34500000","type":"sell"},{"date":"1433801730","price":1414.18,"amount":0.01,"tid":"34500001","type":"sell"},{"date":"1433801730","price":1414.2,"amount":0.013,"tid":"34500002","type":"buy"},{"date":"1433801730","price":1414.21,"amount":0.017,"tid":"34500003","type":"buy"},{"date":"1433801731","price":1414.18,"amount":0.0123,"tid":"34500004","type":"sell"},{"date":"1433801731","price":1414.17,"amount":0.0007,"tid":"34500005","type":"sell"},{"date":"1433801735","price":1414.17,"amount":0.0093,"tid":"34500006","type":"sell"},{"date":"1433801735","price":1414.16,"amount":0.0007,"tid":"34500007","type":"sell"},{"date":"1433801736","price":1414.21,"amount":0.013,"tid":"34500008","type":"buy"},{"date":"1433801736","price":1414.23,"amount":0.013,"tid":"34500009","type":"buy"},{"date":"1433801737","price":1414.17,"amount":0.013,"tid":"34500010","type":"sell"},{"date":"1433801738","price":1414.2,"amount":0.013,"tid":"34500011","type":"buy"},{"date":"1433801739","price":1414.23,"amount":0.013,"tid":"34500012","type":"sell"},{"date":"1433801740","price":1414.23,"amount":0.01,"tid":"34500013","type":"sell"},{"date":"1433801744","price":1414.25,"amount":0.003,"tid":"34500014","type":"sell"},{"date":"1433801744","price":1414.23,"amount":0.003,"tid":"34500015","type":"sell"},{"date":"1433801744","price":1414.23,"amount":0.002,"tid":"34500016","type":"sell"},{"date":"1433801744","price":1414.2,"amount":0.002,"tid":"34500017","type":"sell"},{"date":"1433801748","price":1414.2,"amount":0.0022,"tid":"34500018","type":"sell"},{"date":"1433801749","price":1414.2,"amount":0.0088,"tid":"34500019","type":"sell"},{"date":"1433801749","price":1414.2,"amount":0.001,"tid":"34500020","type":"sell"},{"date":"1433801749","price":1414.17,"amount":0.01,"tid":"34500021","type":"sell"},{"date":"1433801751","price":1414.17,"amount":0.003,"tid":"34500022","type":"sell"},{"date":"1433801752","price":1414.17,"amount":0.0024,"tid":"34500023","type":"sell"},{"date":"1433801754","price":1414.17,"amount":0.0019,"tid":"34500024","type":"sell"},{"date":"1433801754","price":1414.17,"amount":0.0087,"tid":"34500025","type":"sell"},{"date":"1433801754","price":1414.16,"amount":0.0003,"tid":"34500026","type":"sell"},{"date":"1433801754","price":1414.16,"amount":0.001,"tid":"34500027","type":"sell"},{"date":"1433801756","price":1414.14,"amount":0.013,"tid":"34500028","type":"sell"},{"date":"1433801758","price":1414.11,"amount":0.0026,"tid":"34500029","type":"sell"},{"date":"1433801758","price":1414.11,"amount":0.0104,"tid":"34500030","type":"sell"},{"date":"1433801758","price":1414.11,"amount":0.001,"tid":"34500031","type":"sell"},{"date":"1433801759","price":1414.1,"amount":0.001,"tid":"34500032","type":"sell"},{"date":"1433801759","price":1414.09,"amount":0.001,"tid":"34500033","type":"sell"},{"date":"1433801759","price":1414.09,"amount":0.002,"tid":"34500034","type":"sell"},{"date":"1433801759","price":1414.05,"amount":0.006,"tid":"34500035","type":"sell"},{"date":"1433801760","price":1414.06,"amount":13.65,"tid":"34500036","type":"sell"},{"date":"1433801760","price":1414.05,"amount":0.0015,"tid":"34500037","type":"sell"},{"date":"1433801763","price":1414.05,"amount":0.0055,"tid":"34500038","type":"sell"},{"date":"1433801763","price":1414.05,"amount":0.001,"tid":"34500039","type":"sell"},{"date":"1433801763","price":1414.02,"amount":0.0035,"tid":"34500040","type":"sell"},{"date":"1433801766","price":1414.02,"amount":0.0017,"tid":"34500041","type":"sell"},{"date":"1433801768","price":1414.02,"amount":0.0017,"tid":"34500042","type":"sell"},{"date":"1433801768","price":1414.02,"amount":0.0061,"tid":"34500043","type":"sell"},{"date":"1433801768","price":1414.01,"amount":0.001,"tid":"34500044","type":"sell"},{"date":"1433801768","price":1414,"amount":0.001,"tid":"34500045","type":"sell"},{"date":"1433801768","price":1413.99,"amount":0.0019,"tid":"34500046","type":"sell"},{"date":"1433801769","price":1413.99,"amount":0.01,"tid":"34500047","type":"sell"},{"date":"1433801770","price":1414.02,"amount":0.0014,"tid":"34500048","type":"buy"},{"date":"1433801771","price":1414.03,"amount":0.0011,"tid":"34500049","type":"sell"},{"date":"1433801773","price":1414.03,"amount":0.0005,"tid":"34500050","type":"sell"},{"date":"1433801773","price":1413.99,"amount":0.0011,"tid":"34500051","type":"sell"},{"date":"1433801773","price":1413.98,"amount":0.001,"tid":"34500052","type":"sell"},{"date":"1433801773","price":1413.96,"amount":0.0074,"tid":"34500053","type":"sell"},{"date":"1433801778","price":1414.01,"amount":0.002,"tid":"34500054","type":"sell"},{"date":"1433801778","price":1413.98,"amount":0.001,"tid":"34500055","type":"sell"},{"date":"1433801778","price":1413.96,"amount":0.0056,"tid":"34500056","type":"sell"},{"date":"1433801778","price":1413.93,"amount":0.0014,"tid":"34500057","type":"sell"},{"date":"1433801779","price":1413.93,"amount":0.01,"tid":"34500058","type":"sell"},{"date":"1433801780","price":1413.94,"amount":0.001,"tid":"34500059","type":"sell"},{"date":"1433801780","price":1413.93,"amount":0.0016,"tid":"34500060","type":"sell"},{"date":"1433801780","price":1413.92,"amount":0.001,"tid":"34500061","type":"sell"},{"date":"1433801780","price":1413.9,"amount":0.013,"tid":"34500062","type":"sell"},{"date":"1433801780","price":1413.9,"amount":0.001,"tid":"34500063","type":"sell"},{"date":"1433801780","price":1413.9,"amount":0.0024,"tid":"34500064","type":"sell"},{"date":"1433801781","price":1413.9,"amount":0.01,"tid":"34500065","type":"sell"},{"date":"1433801782","price":1413.9,"amount":0.01,"tid":"34500066","type":"sell"},{"date":"1433801782","price":1413.9,"amount":0.008,"tid":"34500067","type":"sell"},{"date":"1433801782","price":1413.89,"amount":0.001,"tid":"34500068","type":"sell"},{"date":"1433801782","price":1413.89,"amount":0.001,"tid":"34500069","type":"sell"},{"date":"1433801786","price":1413.93,"amount":0.013,"tid":"34500070","type":"buy"},{"date":"1433801786","price":1413.96,"amount":0.013,"tid":"34500071","type":"buy"},{"date":"1433801786","price":1413.99,"amount":0.013,"tid":"34500072","type":"buy"},{"date":"1433801786","price":1414.02,"amount":0.013,"tid":"34500073","type":"buy"},{"date":"1433801787","price":1414.02,"amount":0.01,"tid":"34500074","type":"sell"},{"date":"1433801788","price":1414.04,"amount":0.003,"tid":"34500075","type":"buy"},{"date":"1433801788","price":1414.05,"amount":0.0012,"tid":"34500076","type":"buy"},{"date":"1433801788","price":1414.05,"amount":0.013,"tid":"34500077","type":"buy"},{"date":"1433801788","price":1414.07,"amount":0.002,"tid":"34500078","type":"buy"},{"date":"1433801788","price":1414.08,"amount":0.013,"tid":"34500079","type":"buy"},{"date":"1433801788","price":1414.11,"amount":0.013,"tid":"34500080","type":"buy"},{"date":"1433801788","price":1414.11,"amount":0.0021,"tid":"34500081","type":"buy"},{"date":"1433801788","price":1414.11,"amount":0.001,"tid":"34500082","type":"buy"},{"date":"1433801788","price":1414.14,"amount":0.0017,"tid":"34500083","type":"buy"},{"date":"1433801791","price":1414.14,"amount":0.0024,"tid":"34500084","type":"buy"},{"date":"1433801791","price":1414.14,"amount":0.0113,"tid":"34500085","type":"buy"},{"date":"1433801791","price":1414.16,"amount":0.001,"tid":"34500086","type":"buy"},{"date":"1433801791","price":1414.17,"amount":0.013,"tid":"34500087","type":"buy"},{"date":"1433801791","price":1414.17,"amount":0.0016,"tid":"34500088","type":"buy"},{"date":"1433801791","price":1414.2,"amount":0.0018,"tid":"34500089","type":"buy"},{"date":"1433801791","price":1414.2,"amount":0.013,"tid":"34500090","type":"buy"},{"date":"1433801791","price":1414.22,"amount":0.001,"tid":"34500091","type":"buy"},{"date":"1433801792","price":1414.23,"amount":0.013,"tid":"34500092","type":"buy"},{"date":"1433801792","price":1414.26,"amount":0.003,"tid":"34500093","type":"buy"},{"date":"1433801792","price":1414.26,"amount":0.013,"tid":"34500094","type":"buy"},{"date":"1433801792","price":1414.29,"amount":0.013,"tid":"34500095","type":"buy"},{"date":"1433801792","price":1414.29,"amount":0.002,"tid":"34500096","type":"buy"},{"date":"1433801792","price":1414.29,"amount":0.001,"tid":"34500097","type":"buy"},{"date":"1433801792","price":1414.32,"amount":0.013,"tid":"34500098","type":"buy"},{"date":"1433801792","price":1414.33,"amount":0.001,"tid":"34500099","type":"buy"},{"date":"1433801792","price":1414.35,"amount":0.013,"tid":"34500100","type":"buy"},{"date":"1433801792","price":1414.37,"amount":0.001,"tid":"34500101","type":"buy"},{"date":"1433801792","price":1414.38,"amount":0.013,"tid":"34500102","type":"buy"},{"date":"1433801792","price":1414.38,"amount":0.013,"tid":"34500103","type":"buy"},{"date":"1433801792","price":1414.38,"amount":0.001,"tid":"34500104","type":"buy"},{"date":"1433801792","price":1414.41,"amount":0.013,"tid":"34500105","type":"buy"},{"date":"1433801792","price":1414.44,"amount":0.013,"tid":"34500106","type":"buy"},{"date":"1433801792","price":1414.44,"amount":0.001,"tid":"34500107","type":"buy"},{"date":"1433801792","price":1414.46,"amount":0.001,"tid":"34500108","type":"buy"},{"date":"1433801792","price":1414.47,"amount":0.013,"tid":"34500109","type":"buy"},{"date":"1433801792","price":1414.5,"amount":0.002,"tid":"34500110","type":"buy"},{"date":"1433801792","price":1414.51,"amount":0.001,"tid":"34500111","type":"buy"},{"date":"1433801792","price":1414.53,"amount":0.004,"tid":"34500112","type":"buy"},{"date":"1433801795","price":1414.55,"amount":0.003,"tid":"34500113","type":"buy"},{"date":"1433801795","price":1414.56,"amount":0.01,"tid":"34500114","type":"buy"},{"date":"1433801797","price":1414.54,"amount":0.0223,"tid":"34500115","type":"sell"},{"date":"1433801799","price":1414.56,"amount":0.003,"tid":"34500116","type":"buy"},{"date":"1433801799","price":1414.56,"amount":0.001,"tid":"34500117","type":"buy"},{"date":"1433801800","price":1414.56,"amount":0.003,"tid":"34500118","type":"sell"},{"date":"1433801801","price":1414.58,"amount":0.002,"tid":"34500119","type":"buy"},{"date":"1433801801","price":1414.58,"amount":0.002,"tid":"34500120","type":"buy"},{"date":"1433801801","price":1414.59,"amount":0.006,"tid":"34500121","type":"buy"},{"date":"1433801804","price":1414.59,"amount":0.007,"tid":"34500122","type":"buy"},{"date":"1433801804","price":1414.59,"amount":0.001,"tid":"34500123","type":"buy"},{"date":"1433801804","price":1414.62,"amount":0.002,"tid":"34500124","type":"buy"},{"date":"1433801816","price":1414.62,"amount":0.003,"tid":"34500125","type":"buy"},{"date":"1433801816","price":1414.62,"amount":0.001,"tid":"34500126","type":"buy"},{"date":"1433801816","price":1414.62,"amount":0.001,"tid":"34500127","type":"buy"},{"date":"1433801816","price":1414.65,"amount":0.005,"tid":"34500128","type":"buy"},{"date":"1433801818","price":1414.59,"amount":0.003,"tid":"34500129","type":"sell"},{"date":"1433801855","price":1414.61,"amount":0.003,"tid":"34500130","type":"buy"},{"date":"1433801855","price":1414.61,"amount":0.003,"tid":"34500131","type":"buy"},{"date":"1433801855","price":1414.61,"amount":0.003,"tid":"34500132","type":"buy"},{"date":"1433801855","price":1414.61,"amount":0.003,"tid":"34500133","type":"buy"},{"date":"1433801857","price":1414.61,"amount":0.003,"tid":"34500134","type":"sell"},{"date":"1433801896","price":1414.62,"amount":0.002,"tid":"34500135","type":"buy"},{"date":"1433801896","price":1414.62,"amount":0.003,"tid":"34500136","type":"buy"},{"date":"1433801896","price":1414.62,"amount":0.003,"tid":"34500137","type":"buy"},{"date":"1433801896","price":1414.62,"amount":0.002,"tid":"34500138","type":"buy"},{"date":"1433801901","price":1414.62,"amount":0.001,"tid":"34500139","type":"buy"},{"date":"1433801901","price":1414.62,"amount":0.003,"tid":"34500140","type":"buy"},{"date":"1433801901","price":1414.62,"amount":0.003,"tid":"34500141","type":"buy"},{"date":"1433801901","price":1414.62,"amount":0.003,"tid":"34500142","type":"buy"},{"date":"1433801905","price":1414.63,"amount":0.003,"tid":"34500143","type":"buy"},{"date":"1433801905","price":1414.65,"amount":0.007,"tid":"34500144","type":"buy"},{"date":"1433801911","price":1414.63,"amount":0.003,"tid":"34500145","type":"buy"},{"date":"1433801911","price":1414.65,"amount":0.001,"tid":"34500146","type":"buy"},{"date":"1433801911","price":1414.65,"amount":0.002,"tid":"34500147","type":"buy"},{"date":"1433801911","price":1414.65,"amount":0.002,"tid":"34500148","type":"buy"},{"date":"1433801911","price":1414.65,"amount":0.002,"tid":"34500149","type":"buy"},{"date":"1433801915","price":1414.64,"amount":0.003,"tid":"34500150","type":"buy"},{"date":"1433801915","price":1414.64,"amount":0.003,"tid":"34500151","type":"buy"},{"date":"1433801915","price":1414.65,"amount":0.002,"tid":"34500152","type":"buy"},{"date":"1433801915","price":1414.65,"amount":0.002,"tid":"34500153","type":"buy"},{"date":"1433801918","price":1414.64,"amount":0.003,"tid":"34500154","type":"sell"},{"date":"1433801920","price":1414.65,"amount":0.002,"tid":"34500155","type":"buy"},{"date":"1433801920","price":1414.66,"amount":0.001,"tid":"34500156","type":"buy"},{"date":"1433801920","price":1414.67,"amount":0.001,"tid":"34500157","type":"buy"},{"date":"1433801920","price":1414.67,"amount":0.001,"tid":"34500158","type":"buy"},{"date":"1433801920","price":1414.67,"amount":0.001,"tid":"34500159","type":"buy"},{"date":"1433801920","price":1414.68,"amount":0.004,"tid":"34500160","type":"buy"},{"date":"1433801921","price":1414.67,"amount":0.712,"tid":"34500161","type":"buy"},{"date":"1433801921","price":1414.67,"amount":10.717,"tid":"34500162","type":"buy"},{"date":"1433801922","price":1414.65,"amount":0.003,"tid":"34500163","type":"buy"},{"date":"1433801922","price":1414.68,"amount":0.005,"tid":"34500164","type":"buy"},{"date":"1433801922","price":1414.68,"amount":0.013,"tid":"34500165","type":"buy"},{"date":"1433801922","price":1414.68,"amount":0.011,"tid":"34500166","type":"buy"},{"date":"1433801923","price":1414.68,"amount":0.002,"tid":"34500167","type":"buy"},{"date":"1433801923","price":1414.68,"amount":0.001,"tid":"34500168","type":"buy"},{"date":"1433801923","price":1414.7,"amount":0.003,"tid":"34500169","type":"buy"},{"date":"1433801923","price":1414.7,"amount":0.001,"tid":"34500170","type":"buy"},{"date":"1433801923","price":1414.71,"amount":0.001,"tid":"34500171","type":"buy"},{"date":"1433801923","price":1414.73,"amount":0.002,"tid":"34500172","type":"buy"},{"date":"1433801923","price":1414.73,"amount":0.001,"tid":"34500173","type":"buy"},{"date":"1433801923","price":1414.73,"amount":0.001,"tid":"34500174","type":"buy"},{"date":"1433801925","price":1414.73,"amount":0.002,"tid":"34500175","type":"sell"},{"date":"1433801925","price":1414.77,"amount":0.01,"tid":"34500176","type":"buy"},{"date":"1433801928","price":1414.75,"amount":0.003,"tid":"34500177","type":"buy"},{"date":"1433801928","price":1414.77,"amount":0.0027,"tid":"34500178","type":"buy"},{"date":"1433801928","price":1414.77,"amount":0.001,"tid":"34500179","type":"buy"},{"date":"1433801928","price":1414.78,"amount":0.001,"tid":"34500180","type":"buy"},{"date":"1433801928","price":1414.79,"amount":0.001,"tid":"34500181","type":"buy"},{"date":"1433801928","price":1414.79,"amount":0.0304,"tid":"34500182","type":"buy"},{"date":"1433801928","price":1414.79,"amount":0.003,"tid":"34500183","type":"buy"},{"date":"1433801928","price":1414.8,"amount":0.013,"tid":"34500184","type":"buy"},{"date":"1433801928","price":1414.8,"amount":0.001,"tid":"34500185","type":"buy"},{"date":"1433801928","price":1414.8,"amount":0.001,"tid":"34500186","type":"buy"},{"date":"1433801928","price":1414.83,"amount":0.013,"tid":"34500187","type":"buy"},{"date":"1433801928","price":1414.84,"amount":0.001,"tid":"34500188","type":"buy"},{"date":"1433801928","price":1414.86,"amount":0.008,"tid":"34500189","type":"buy"},{"date":"1433801928","price":1414.88,"amount":0.001,"tid":"34500190","type":"buy"},{"date":"1433801928","price":1414.88,"amount":0.001,"tid":"34500191","type":"buy"},{"date":"1433801928","price":1414.89,"amount":0.003,"tid":"34500192","type":"buy"},{"date":"1433801928","price":1414.89,"amount":0.003,"tid":"34500193","type":"buy"},{"date":"1433801928","price":1414.89,"amount":0.003,"tid":"34500194","type":"buy"},{"date":"1433801928","price":1414.89,"amount":0.003,"tid":"34500195","type":"buy"},{"date":"1433801928","price":1414.89,"amount":0.003,"tid":"34500196","type":"buy"},{"date":"1433801928","price":1414.89,"amount":0.003,"tid":"34500197","type":"buy"},{"date":"1433801928","price":1414.89,"amount":0.003,"tid":"34500198","type":"buy"},{"date":"1433801928","price":1414.89,"amount":0.003,"tid":"34500199","type":"buy"},{"date":"1433801928","price":1414.89,"amount":0.003,"tid":"34500200","type":"buy"},{"date":"1433801928","price":1414.89,"amount":0.003,"tid":"34500201","type":"buy"},{"date":"1433801928","price":1414.89,"amount":0.013,"tid":"34500202","type":"buy"},{"date":"1433801928","price":1414.89,"amount":0.003,"tid":"34500203","type":"buy"},{"date":"1433801928","price":1414.89,"amount":0.001,"tid":"34500204","type":"buy"},{"date":"1433801928","price":1414.89,"amount":0.001,"tid":"34500205","type":"buy"},{"date":"1433801928","price":1414.92,"amount":0.002,"tid":"34500206","type":"buy"},{"date":"1433801928","price":1414.92,"amount":0.001,"tid":"34500207","type":"buy"},{"date":"1433801928","price":1414.92,"amount":0.002,"tid":"34500208","type":"buy"},{"date":"1433801928","price":1414.92,"amount":0.001,"tid":"34500209","type":"buy"},{"date":"1433801931","price":1414.78,"amount":0.002,"tid":"34500210","type":"buy"},{"date":"1433801933","price":1414.89,"amount":0.001,"tid":"34500211","type":"sell"},{"date":"1433801934","price":1414.89,"amount":0.001,"tid":"34500212","type":"sell"},{"date":"1433801941","price":1414.92,"amount":0.003,"tid":"34500213","type":"buy"},{"date":"1433801941","price":1414.94,"amount":0.002,"tid":"34500214","type":"buy"},{"date":"1433801941","price":1414.94,"amount":0.001,"tid":"34500215","type":"buy"},{"date":"1433801941","price":1414.95,"amount":0.012,"tid":"34500216","type":"buy"},{"date":"1433801941","price":1414.95,"amount":0.001,"tid":"34500217","type":"buy"},{"date":"1433801941","price":1414.95,"amount":0.002,"tid":"34500218","type":"buy"},{"date":"1433801941","price":1414.95,"amount":0.002,"tid":"34500219","type":"buy"},{"date":"1433801941","price":1414.97,"amount":0.001,"tid":"34500220","type":"buy"},{"date":"1433801941","price":1414.97,"amount":0.001,"tid":"34500221","type":"buy"},{"date":"1433801941","price":1414.98,"amount":0.013,"tid":"34500222","type":"buy"},{"date":"1433801941","price":1414.98,"amount":0.001,"tid":"34500223","type":"buy"},{"date":"1433801941","price":1414.99,"amount":0.001,"tid":"34500224","type":"buy"},{"date":"1433801941","price":1414.99,"amount":0.001,"tid":"34500225","type":"buy"},{"date":"1433801941","price":1414.99,"amount":0.0361,"tid":"34500226","type":"buy"},{"date":"1433801941","price":1414.99,"amount":0.01,"tid":"34500227","type":"buy"},{"date":"1433801941","price":1415,"amount":0.3198,"tid":"34500228","type":"buy"},{"date":"1433801943","price":1414.99,"amount":0.001,"tid":"34500229","type":"buy"},{"date":"1433801943","price":1415,"amount":1.0802,"tid":"34500230","type":"buy"},{"date":"1433801943","price":1415,"amount":0.001,"tid":"34500231","type":"buy"},{"date":"1433801943","price":1415.01,"amount":0.013,"tid":"34500232","type":"buy"},{"date":"1433801943","price":1415.01,"amount":0.001,"tid":"34500233","type":"buy"},{"date":"1433801943","price":1415.01,"amount":0.001,"tid":"34500234","type":"buy"},{"date":"1433801944","price":1415.02,"amount":0.003,"tid":"34500235","type":"buy"},{"date":"1433801944","price":1415.02,"amount":0.003,"tid":"34500236","type":"buy"},{"date":"1433801944","price":1415.02,"amount":0.003,"tid":"34500237","type":"buy"},{"date":"1433801944","price":1415.02,"amount":0.001,"tid":"34500238","type":"buy"},{"date":"1433801948","price":1415.02,"amount":0.002,"tid":"34500239","type":"buy"},{"date":"1433801948","price":1415.02,"amount":0.003,"tid":"34500240","type":"buy"},{"date":"1433801948","price":1415.03,"amount":0.003,"tid":"34500241","type":"buy"},{"date":"1433801948","price":1415.03,"amount":0.003,"tid":"34500242","type":"buy"},{"date":"1433801948","price":1415.03,"amount":0.003,"tid":"34500243","type":"buy"},{"date":"1433801948","price":1415.03,"amount":0.003,"tid":"34500244","type":"buy"},{"date":"1433801948","price":1415.03,"amount":0.003,"tid":"34500245","type":"buy"},{"date":"1433801948","price":1415.03,"amount":0.003,"tid":"34500246","type":"buy"},{"date":"1433801948","price":1415.03,"amount":0.003,"tid":"34500247","type":"buy"},{"date":"1433801948","price":1415.03,"amount":0.001,"tid":"34500248","type":"buy"},{"date":"1433801948","price":1415.04,"amount":0.013,"tid":"34500249","type":"buy"},{"date":"1433801948","price":1415.04,"amount":0.001,"tid":"34500250","type":"buy"},{"date":"1433801948","price":1415.04,"amount":0.001,"tid":"34500251","type":"buy"},{"date":"1433801948","price":1415.05,"amount":0.003,"tid":"34500252","type":"buy"},{"date":"1433801948","price":1415.05,"amount":0.003,"tid":"34500253","type":"buy"},{"date":"1433801948","price":1415.06,"amount":0.003,"tid":"34500254","type":"buy"},{"date":"1433801948","price":1415.07,"amount":0.003,"tid":"34500255","type":"buy"},{"date":"1433801948","price":1415.07,"amount":0.013,"tid":"34500256","type":"buy"},{"date":"1433801948","price":1415.07,"amount":0.001,"tid":"34500257","type":"buy"},{"date":"1433801948","price":1415.07,"amount":0.001,"tid":"34500258","type":"buy"},{"date":"1433801948","price":1415.08,"amount":0.003,"tid":"34500259","type":"buy"},{"date":"1433801948","price":1415.08,"amount":0.002,"tid":"34500260","type":"buy"},{"date":"1433801948","price":1415.08,"amount":0.002,"tid":"34500261","type":"buy"},{"date":"1433801948","price":1415.09,"amount":0.1209,"tid":"34500262","type":"buy"},{"date":"1433801948","price":1415.09,"amount":0.002,"tid":"34500263","type":"buy"},{"date":"1433801948","price":1415.09,"amount":0.001,"tid":"34500264","type":"buy"},{"date":"1433801948","price":1415.09,"amount":0.002,"tid":"34500265","type":"buy"},{"date":"1433801948","price":1415.1,"amount":0.013,"tid":"34500266","type":"buy"},{"date":"1433801948","price":1415.1,"amount":0.002,"tid":"34500267","type":"buy"},{"date":"1433801948","price":1415.1,"amount":0.002,"tid":"34500268","type":"buy"},{"date":"1433801948","price":1415.1,"amount":0.001,"tid":"34500269","type":"buy"},{"date":"1433801948","price":1415.1,"amount":0.001,"tid":"34500270","type":"buy"},{"date":"1433801948","price":1415.11,"amount":0.003,"tid":"34500271","type":"buy"},{"date":"1433801948","price":1415.11,"amount":0.003,"tid":"34500272","type":"buy"},{"date":"1433801948","price":1415.11,"amount":0.003,"tid":"34500273","type":"buy"},{"date":"1433801948","price":1415.11,"amount":0.003,"tid":"34500274","type":"buy"},{"date":"1433801948","price":1415.11,"amount":0.003,"tid":"34500275","type":"buy"},{"date":"1433801948","price":1415.11,"amount":0.003,"tid":"34500276","type":"buy"},{"date":"1433801948","price":1415.11,"amount":0.003,"tid":"34500277","type":"buy"},{"date":"1433801948","price":1415.11,"amount":0.003,"tid":"34500278","type":"buy"},{"date":"1433801948","price":1415.11,"amount":0.003,"tid":"34500279","type":"buy"},{"date":"1433801948","price":1415.11,"amount":0.003,"tid":"34500280","type":"buy"},{"date":"1433801948","price":1415.11,"amount":0.003,"tid":"34500281","type":"buy"},{"date":"1433801948","price":1415.11,"amount":0.003,"tid":"34500282","type":"buy"},{"date":"1433801948","price":1415.11,"amount":0.003,"tid":"34500283","type":"buy"},{"date":"1433801948","price":1415.11,"amount":0.002,"tid":"34500284","type":"buy"},{"date":"1433801948","price":1415.11,"amount":0.002,"tid":"34500285","type":"buy"},{"date":"1433801948","price":1415.11,"amount":0.002,"tid":"34500286","type":"buy"},{"date":"1433801948","price":1415.11,"amount":0.001,"tid":"34500287","type":"buy"},{"date":"1433801948","price":1415.12,"amount":0.001,"tid":"34500288","type":"buy"},{"date":"1433801948","price":1415.13,"amount":0.002,"tid":"34500289","type":"buy"},{"date":"1433801948","price":1415.13,"amount":0.002,"tid":"34500290","type":"buy"},{"date":"1433801948","price":1415.13,"amount":0.002,"tid":"34500291","type":"buy"},{"date":"1433801948","price":1415.13,"amount":0.002,"tid":"34500292","type":"buy"},{"date":"1433801948","price":1415.13,"amount":0.002,"tid":"34500293","type":"buy"},{"date":"1433801948","price":1415.13,"amount":0.002,"tid":"34500294","type":"buy"},{"date":"1433801948","price":1415.13,"amount":0.013,"tid":"34500295","type":"buy"},{"date":"1433801948","price":1415.14,"amount":0.003,"tid":"34500296","type":"buy"},{"date":"1433801948","price":1415.14,"amount":0.003,"tid":"34500297","type":"buy"},{"date":"1433801948","price":1415.14,"amount":0.003,"tid":"34500298","type":"buy"},{"date":"1433801948","price":1415.14,"amount":0.003,"tid":"34500299","type":"buy"},{"date":"1433801948","price":1415.14,"amount":0.0021,"tid":"34500300","type":"buy"},{"date":"1433801954","price":1415.14,"amount":0.0009,"tid":"34500301","type":"buy"},{"date":"1433801954","price":1415.14,"amount":0.002,"tid":"34500302","type":"buy"},{"date":"1433801954","price":1415.14,"amount":0.001,"tid":"34500303","type":"buy"},{"date":"1433801954","price":1415.15,"amount":0.001,"tid":"34500304","type":"buy"},{"date":"1433801954","price":1415.15,"amount":0.001,"tid":"34500305","type":"buy"},{"date":"1433801954","price":1415.15,"amount":0.001,"tid":"34500306","type":"buy"},{"date":"1433801954","price":1415.15,"amount":0.001,"tid":"34500307","type":"buy"},{"date":"1433801954","price":1415.16,"amount":0.013,"tid":"34500308","type":"buy"},{"date":"1433801954","price":1415.16,"amount":0.002,"tid":"34500309","type":"buy"},{"date":"1433801954","price":1415.16,"amount":0.002,"tid":"34500310","type":"buy"},{"date":"1433801954","price":1415.16,"amount":0.002,"tid":"34500311","type":"buy"},{"date":"1433801954","price":1415.16,"amount":0.001,"tid":"34500312","type":"buy"},{"date":"1433801954","price":1415.17,"amount":0.001,"tid":"34500313","type":"buy"},{"date":"1433801954","price":1415.17,"amount":0.001,"tid":"34500314","type":"buy"},{"date":"1433801954","price":1415.17,"amount":0.001,"tid":"34500315","type":"buy"},{"date":"1433801954","price":1415.17,"amount":0.001,"tid":"34500316","type":"buy"},{"date":"1433801954","price":1415.17,"amount":0.001,"tid":"34500317","type":"buy"},{"date":"1433801954","price":1415.17,"amount":0.001,"tid":"34500318","type":"buy"},{"date":"1433801954","price":1415.17,"amount":0.001,"tid":"34500319","type":"buy"},{"date":"1433801954","price":1415.18,"amount":0.001,"tid":"34500320","type":"buy"},{"date":"1433801954","price":1415.18,"amount":0.001,"tid":"34500321","type":"buy"},{"date":"1433801954","price":1415.19,"amount":0.013,"tid":"34500322","type":"buy"},{"date":"1433801954","price":1415.22,"amount":0.013,"tid":"34500323","type":"buy"},{"date":"1433801954","price":1415.22,"amount":0.001,"tid":"34500324","type":"buy"},{"date":"1433801954","price":1415.25,"amount":0.013,"tid":"34500325","type":"buy"},{"date":"1433801954","price":1415.25,"amount":0.001,"tid":"34500326","type":"buy"},{"date":"1433801954","price":1415.28,"amount":0.013,"tid":"34500327","type":"buy"},{"date":"1433801954","price":1415.3,"amount":0.001,"tid":"34500328","type":"buy"},{"date":"1433801954","price":1415.31,"amount":0.013,"tid":"34500329","type":"buy"},{"date":"1433801957","price":1415.32,"amount":0.001,"tid":"34500330","type":"sell"},{"date":"1433801962","price":1415.13,"amount":0.003,"tid":"34500331","type":"buy"},{"date":"1433801963","price":1415.25,"amount":0.002,"tid":"34500332","type":"sell"},{"date":"1433801964","price":1415.34,"amount":0.013,"tid":"34500333","type":"buy"},{"date":"1433801965","price":1415.34,"amount":0.001,"tid":"34500334","type":"sell"},{"date":"1433801966","price":1415.35,"amount":0.001,"tid":"34500335","type":"sell"},{"date":"1433801966","price":1415.37,"amount":0.013,"tid":"34500336","type":"buy"},{"date":"1433801966","price":1415.39,"amount":0.004,"tid":"34500337","type":"buy"},{"date":"1433801966","price":1415.39,"amount":0.001,"tid":"34500338","type":"buy"},{"date":"1433801966","price":1415.4,"amount":0.002,"tid":"34500339","type":"buy"},{"date":"1433801967","price":1415.35,"amount":0.001,"tid":"34500340","type":"sell"},{"date":"1433801972","price":1415.37,"amount":0.003,"tid":"34500341","type":"buy"},{"date":"1433801972","price":1415.38,"amount":0.001,"tid":"34500342","type":"buy"},{"date":"1433801972","price":1415.4,"amount":0.006,"tid":"34500343","type":"buy"},{"date":"1433801973","price":1415.4,"amount":0.005,"tid":"34500344","type":"buy"},{"date":"1433801973","price":1415.4,"amount":0.002,"tid":"34500345","type":"buy"},{"date":"1433801973","price":1415.43,"amount":0.003,"tid":"34500346","type":"buy"},{"date":"1433801975","price":1415.43,"amount":0.01,"tid":"34500347","type":"buy"},{"date":"1433801975","price":1415.43,"amount":0.001,"tid":"34500348","type":"buy"},{"date":"1433801975","price":1415.45,"amount":0.003,"tid":"34500349","type":"buy"},{"date":"1433801975","price":1415.46,"amount":0.002,"tid":"34500350","type":"buy"},{"date":"1433801975","price":1415.46,"amount":0.013,"tid":"34500351","type":"buy"},{"date":"1433801975","price":1415.47,"amount":0.001,"tid":"34500352","type":"buy"},{"date":"1433801975","price":1415.47,"amount":0.001,"tid":"34500353","type":"buy"},{"date":"1433801975","price":1415.48,"amount":0.001,"tid":"34500354","type":"buy"},{"date":"1433801975","price":1415.48,"amount":0.001,"tid":"34500355","type":"buy"},{"date":"1433801975","price":1415.48,"amount":0.001,"tid":"34500356","type":"buy"},{"date":"1433801975","price":1415.48,"amount":0.001,"tid":"34500357","type":"buy"},{"date":"1433801975","price":1415.48,"amount":0.001,"tid":"34500358","type":"buy"},{"date":"1433801975","price":1415.48,"amount":0.002,"tid":"34500359","type":"buy"},{"date":"1433801975","price":1415.49,"amount":0.013,"tid":"34500360","type":"buy"},{"date":"1433801975","price":1415.5,"amount":0.001,"tid":"34500361","type":"buy"},{"date":"1433801975","price":1415.52,"amount":0.013,"tid":"34500362","type":"buy"},{"date":"1433801975","price":1415.52,"amount":0.001,"tid":"34500363","type":"buy"},{"date":"1433801975","price":1415.52,"amount":0.001,"tid":"34500364","type":"buy"},{"date":"1433801975","price":1415.52,"amount":0.001,"tid":"34500365","type":"buy"},{"date":"1433801975","price":1415.52,"amount":0.001,"tid":"34500366","type":"buy"},{"date":"1433801975","price":1415.53,"amount":0.001,"tid":"34500367","type":"buy"},{"date":"1433801975","price":1415.54,"amount":0.001,"tid":"34500368","type":"buy"},{"date":"1433801975","price":1415.55,"amount":0.013,"tid":"34500369","type":"buy"},{"date":"1433801975","price":1415.55,"amount":0.001,"tid":"34500370","type":"buy"},{"date":"1433801975","price":1415.55,"amount":0.001,"tid":"34500371","type":"buy"},{"date":"1433801975","price":1415.57,"amount":0.001,"tid":"34500372","type":"buy"},{"date":"1433801975","price":1415.57,"amount":0.001,"tid":"34500373","type":"buy"},{"date":"1433801975","price":1415.58,"amount":0.013,"tid":"34500374","type":"buy"},{"date":"1433801975","price":1415.61,"amount":0.013,"tid":"34500375","type":"buy"},{"date":"1433801975","price":1415.61,"amount":0.001,"tid":"34500376","type":"buy"},{"date":"1433801975","price":1415.63,"amount":0.001,"tid":"34500377","type":"buy"},{"date":"1433801975","price":1415.63,"amount":0.001,"tid":"34500378","type":"buy"},{"date":"1433801975","price":1415.64,"amount":0.013,"tid":"34500379","type":"buy"},{"date":"1433801975","price":1415.67,"amount":0.013,"tid":"34500380","type":"buy"},{"date":"1433801975","price":1415.7,"amount":0.013,"tid":"34500381","type":"buy"},{"date":"1433801975","price":1415.72,"amount":0.001,"tid":"34500382","type":"buy"},{"date":"1433801975","price":1415.73,"amount":0.013,"tid":"34500383","type":"buy"},{"date":"1433801978","price":1415.74,"amount":0.001,"tid":"34500384","type":"sell"},{"date":"1433801981","price":1415.74,"amount":0.1372,"tid":"34500385","type":"sell"},{"date":"1433801982","price":1415.7,"amount":0.001,"tid":"34500386","type":"sell"},{"date":"1433801983","price":1415.75,"amount":0.003,"tid":"34500387","type":"buy"},{"date":"1433801983","price":1415.75,"amount":0.003,"tid":"34500388","type":"buy"},{"date":"1433801983","price":1415.76,"amount":0.003,"tid":"34500389","type":"buy"},{"date":"1433801983","price":1415.76,"amount":0.003,"tid":"34500390","type":"buy"},{"date":"1433801983","price":1415.76,"amount":0.003,"tid":"34500391","type":"buy"},{"date":"1433801987","price":1415.76,"amount":0.001,"tid":"34500392","type":"sell"},{"date":"1433801990","price":1415.76,"amount":0.001,"tid":"34500393","type":"sell"},{"date":"1433801993","price":1415.76,"amount":0.164,"tid":"34500394","type":"sell"},{"date":"1433801993","price":1415.73,"amount":0.013,"tid":"34500395","type":"sell"},{"date":"1433801995","price":1415.76,"amount":0.013,"tid":"34500396","type":"buy"},{"date":"1433801996","price":1415.73,"amount":0.001,"tid":"34500397","type":"sell"},{"date":"1433801997","price":1415.77,"amount":0.001,"tid":"34500398","type":"buy"},{"date":"1433801997","price":1415.79,"amount":0.009,"tid":"34500399","type":"buy"},{"date":"1433801998","price":1415.79,"amount":0.004,"tid":"34500400","type":"buy"},{"date":"1433801998","price":1415.79,"amount":0.002,"tid":"34500401","type":"buy"},{"date":"1433801998","price":1415.79,"amount":0.002,"tid":"34500402","type":"buy"},{"date":"1433801998","price":1415.82,"amount":0.002,"tid":"34500403","type":"buy"},{"date":"1433802000","price":1415.79,"amount":0.001,"tid":"34500404","type":"buy"},{"date":"1433802000","price":1415.82,"amount":0.01,"tid":"34500405","type":"buy"},{"date":"1433802002","price":1415.82,"amount":0.001,"tid":"34500406","type":"buy"},{"date":"1433802002","price":1415.85,"amount":0.009,"tid":"34500407","type":"buy"},{"date":"1433802009","price":1415.82,"amount":0.003,"tid":"34500408","type":"buy"},{"date":"1433802009","price":1415.85,"amount":0.004,"tid":"34500409","type":"buy"},{"date":"1433802009","price":1415.88,"amount":0.013,"tid":"34500410","type":"buy"},{"date":"1433802009","price":1415.89,"amount":0.006,"tid":"34500411","type":"buy"},{"date":"1433802009","price":1415.89,"amount":0.001,"tid":"34500412","type":"buy"},{"date":"1433802009","price":1415.91,"amount":0.013,"tid":"34500413","type":"buy"},{"date":"1433802009","price":1415.93,"amount":0.003,"tid":"34500414","type":"buy"},{"date":"1433802009","price":1415.94,"amount":0.013,"tid":"34500415","type":"buy"},{"date":"1433802009","price":1415.96,"amount":0.002,"tid":"34500416","type":"buy"},{"date":"1433802009","price":1415.97,"amount":0.013,"tid":"34500417","type":"buy"},{"date":"1433802009","price":1416,"amount":0.003,"tid":"34500418","type":"buy"},{"date":"1433802009","price":1416,"amount":0.001,"tid":"34500419","type":"buy"},{"date":"1433802009","price":1416,"amount":0.013,"tid":"34500420","type":"buy"},{"date":"1433802009","price":1416.01,"amount":0.003,"tid":"34500421","type":"buy"},{"date":"1433802009","price":1416.01,"amount":0.003,"tid":"34500422","type":"buy"},{"date":"1433802009","price":1416.01,"amount":0.003,"tid":"34500423","type":"buy"},{"date":"1433802009","price":1416.02,"amount":0.002,"tid":"34500424","type":"buy"},{"date":"1433802009","price":1416.02,"amount":0.002,"tid":"34500425","type":"buy"},{"date":"1433802009","price":1416.03,"amount":0.013,"tid":"34500426","type":"buy"},{"date":"1433802009","price":1416.04,"amount":0.002,"tid":"34500427","type":"buy"},{"date":"1433802009","price":1416.04,"amount":0.002,"tid":"34500428","type":"buy"},{"date":"1433802009","price":1416.04,"amount":0.002,"tid":"34500429","type":"buy"},{"date":"1433802009","price":1416.05,"amount":0.001,"tid":"34500430","type":"buy"},{"date":"1433802009","price":1416.05,"amount":0.001,"tid":"34500431","type":"buy"},{"date":"1433802009","price":1416.05,"amount":0.001,"tid":"34500432","type":"buy"},{"date":"1433802009","price":1416.05,"amount":0.001,"tid":"34500433","type":"buy"},{"date":"1433802009","price":1416.05,"amount":0.04,"tid":"34500434","type":"buy"},{"date":"1433802009","price":1416.06,"amount":0.001,"tid":"34500435","type":"buy"},{"date":"1433802009","price":1416.06,"amount":0.001,"tid":"34500436","type":"buy"},{"date":"1433802009","price":1416.06,"amount":0.013,"tid":"34500437","type":"buy"},{"date":"1433802009","price":1416.09,"amount":0.013,"tid":"34500438","type":"buy"},{"date":"1433802009","price":1416.12,"amount":0.001,"tid":"34500439","type":"buy"},{"date":"1433802009","price":1416.12,"amount":0.013,"tid":"34500440","type":"buy"},{"date":"1433802009","price":1416.13,"amount":0.001,"tid":"34500441","type":"buy"},{"date":"1433802009","price":1416.13,"amount":0.001,"tid":"34500442","type":"buy"},{"date":"1433802009","price":1416.13,"amount":0.001,"tid":"34500443","type":"buy"},{"date":"1433802009","price":1416.2,"amount":0.001,"tid":"34500444","type":"buy"},{"date":"1433802009","price":1416.22,"amount":0.001,"tid":"34500445","type":"buy"},{"date":"1433802009","price":1416.25,"amount":0.003,"tid":"34500446","type":"buy"},{"date":"1433802009","price":1416.25,"amount":0.088,"tid":"34500447","type":"buy"},{"date":"1433802009","price":1416.25,"amount":0.112,"tid":"34500448","type":"buy"},{"date":"1433802009","price":1416.28,"amount":0.002,"tid":"34500449","type":"buy"},{"date":"1433802009","price":1416.28,"amount":0.072,"tid":"34500450","type":"buy"},{"date":"1433802009","price":1416.28,"amount":0.128,"tid":"34500451","type":"buy"},{"date":"1433802009","price":1416.28,"amount":0.116,"tid":"34500452","type":"buy"},{"date":"1433802009","price":1416.28,"amount":0.084,"tid":"34500453","type":"buy"},{"date":"1433802009","price":1416.29,"amount":0.001,"tid":"34500454","type":"buy"},{"date":"1433802009","price":1416.32,"amount":0.001,"tid":"34500455","type":"buy"},{"date":"1433802009","price":1416.32,"amount":0.003,"tid":"34500456","type":"buy"},{"date":"1433802009","price":1416.39,"amount":0.001,"tid":"34500457","type":"buy"},{"date":"1433802009","price":1416.5,"amount":0.001,"tid":"34500458","type":"buy"},{"date":"1433802009","price":1416.5,"amount":0.001,"tid":"34500459","type":"buy"},{"date":"1433802009","price":1416.52,"amount":0.1448,"tid":"34500460","type":"buy"},{"date":"1433802009","price":1416.6,"amount":0.003,"tid":"34500461","type":"buy"},{"date":"1433802009","price":1416.6,"amount":0.003,"tid":"34500462","type":"buy"},{"date":"1433802009","price":1416.63,"amount":0.002,"tid":"34500463","type":"buy"},{"date":"1433802009","price":1416.63,"amount":0.002,"tid":"34500464","type":"buy"},{"date":"1433802009","price":1416.67,"amount":0.001,"tid":"34500465","type":"buy"},{"date":"1433802009","price":1416.67,"amount":0.001,"tid":"34500466","type":"buy"},{"date":"1433802009","price":1416.72,"amount":0.001,"tid":"34500467","type":"buy"},{"date":"1433802009","price":1416.72,"amount":0.001,"tid":"34500468","type":"buy"},{"date":"1433802009","price":1416.77,"amount":0.0169,"tid":"34500469","type":"buy"},{"date":"1433802013","price":1415.85,"amount":0.002,"tid":"34500470","type":"buy"},{"date":"1433802014","price":1415.89,"amount":0.001,"tid":"34500471","type":"sell"},{"date":"1433802016","price":1416,"amount":0.001,"tid":"34500472","type":"sell"},{"date":"1433802020","price":1416.03,"amount":0.001,"tid":"34500473","type":"sell"},{"date":"1433802021","price":1416.09,"amount":0.001,"tid":"34500474","type":"sell"},{"date":"1433802023","price":1416.09,"amount":0.012,"tid":"34500475","type":"sell"},{"date":"1433802028","price":1416.06,"amount":0.013,"tid":"34500476","type":"sell"},{"date":"1433802028","price":1416.05,"amount":0.007,"tid":"34500477","type":"sell"},{"date":"1433802033","price":1416.05,"amount":0.003,"tid":"34500478","type":"sell"},{"date":"1433802033","price":1416.03,"amount":0.007,"tid":"34500479","type":"sell"},{"date":"1433802037","price":1416.05,"amount":0.003,"tid":"34500480","type":"sell"},{"date":"1433802037","price":1416.03,"amount":0.005,"tid":"34500481","type":"sell"},{"date":"1433802037","price":1416,"amount":0.002,"tid":"34500482","type":"sell"},{"date":"1433802038","price":1416,"amount":0.01,"tid":"34500483","type":"sell"},{"date":"1433802039","price":1416.03,"amount":0.002,"tid":"34500484","type":"buy"},{"date":"1433802042","price":1416,"amount":0.001,"tid":"34500485","type":"sell"},{"date":"1433802042","price":1415.97,"amount":0.009,"tid":"34500486","type":"sell"},{"date":"1433802050","price":1415.97,"amount":0.004,"tid":"34500487","type":"sell"},{"date":"1433802050","price":1415.96,"amount":0.001,"tid":"34500488","type":"sell"},{"date":"1433802050","price":1415.95,"amount":0.001,"tid":"34500489","type":"sell"},{"date":"1433802050","price":1415.94,"amount":0.004,"tid":"34500490","type":"sell"},{"date":"1433802055","price":1415.99,"amount":0.003,"tid":"34500491","type":"sell"},{"date":"1433802055","price":1415.97,"amount":0.002,"tid":"34500492","type":"sell"},{"date":"1433802055","price":1415.94,"amount":0.005,"tid":"34500493","type":"sell"},{"date":"1433802060","price":1415.94,"amount":0.004,"tid":"34500494","type":"sell"},{"date":"1433802060","price":1415.94,"amount":0.001,"tid":"34500495","type":"sell"},{"date":"1433802060","price":1415.91,"amount":0.005,"tid":"34500496","type":"sell"},{"date":"1433802060","price":1415.91,"amount":0.008,"tid":"34500497","type":"sell"},{"date":"1433802060","price":1415.91,"amount":0.001,"tid":"34500498","type":"sell"},{"date":"1433802060","price":1415.9,"amount":0.001,"tid":"34500499","type":"sell"},{"date":"1433802061","price":1415.88,"amount":0.01,"tid":"34500500","type":"sell"},{"date":"1433802063","price":1415.88,"amount":0.0024,"tid":"34500501","type":"sell"},{"date":"1433802063","price":1415.88,"amount":0.0006,"tid":"34500502","type":"sell"},{"date":"1433802064","price":1415.88,"amount":0.003,"tid":"34500503","type":"buy"},{"date":"1433802064","price":1415.85,"amount":0.01,"tid":"34500504","type":"sell"},{"date":"1433802065","price":1415.85,"amount":0.003,"tid":"34500505","type":"sell"},{"date":"1433802065","price":1415.85,"amount":0.001,"tid":"34500506","type":"sell"},{"date":"1433802065","price":1415.85,"amount":0.001,"tid":"34500507","type":"sell"},{"date":"1433802065","price":1415.82,"amount":0.005,"tid":"34500508","type":"sell"},{"date":"1433802068","price":1415.88,"amount":0.002,"tid":"34500509","type":"buy"},{"date":"1433802070","price":1415.82,"amount":0.008,"tid":"34500510","type":"sell"},{"date":"1433802070","price":1415.81,"amount":0.002,"tid":"34500511","type":"sell"}